receive_ts;exchange_ts;price;quantity;side
1771189878289859;1771189878289851;68479.74497469;0.04630881;bid
1771189878289856;1771189878289851;68479.45250299;0.04744285;bid
1771189878289861;1771189878289851;68480.06264492;0.03578971;ask
1771189878289858;1771189878289851;68480.20003815;0.01558337;ask
1771189878289862;1771189878289851;68480.44434966;0.01905797;ask
1771189878289864;1771189878289851;68479.15827112;0.03532329;bid
1771189878289863;1771189878289851;68480.04306937;0.04245675;ask
1771189879620148;1771189879620144;68480.18609290;0.04624896;ask
1771189879620155;1771189879620144;68479.92256706;0.01830644;bid
1771189879620149;1771189879620144;68479.64882283;0.01561047;bid
1771189880315009;1771189880315002;68480.79001705;0.00511402;ask
1771189880315009;1771189880315002;68480.30553040;0.03000296;ask
1771189880315014;1771189880315002;68479.93261523;0.03553234;bid
1771189880315014;1771189880315002;68480.60934880;0.04040010;ask
1771189880315010;1771189880315002;68479.73307836;0.01426390;bid
1771189880315009;1771189880315002;68479.69575378;0.04082451;bid
1771189880315013;1771189880315002;68480.51940285;0.02442680;ask
1771189880700952;1771189880700942;68479.94026115;0.02420618;bid
1771189880700944;1771189880700942;68480.49370371;0.05029187;ask
1771189881734450;1771189881734446;68480.20387254;0.00875484;ask
1771189881734453;1771189881734446;68480.81335904;0.03743183;ask
1771189881734451;1771189881734446;68480.25154909;0.03457245;ask
1771189881734457;1771189881734446;68480.68528961;0.05177235;ask
1771189881734451;1771189881734446;68479.70896730;0.05582740;bid
1771189882559670;1771189882559663;68479.91117033;0.03044698;bid
1771189882559666;1771189882559663;68480.59834962;0.04166693;ask
1771189882559670;1771189882559663;68479.51856603;0.01367496;bid
1771189882559668;1771189882559663;68480.44959318;0.01262530;ask
1771189882559676;1771189882559663;68479.83198174;0.02575189;bid
1771189882559677;1771189882559663;68480.79786694;0.04317123;ask
1771189882559677;1771189882559663;68480.66122442;0.02916023;ask
1771189882559676;1771189882559663;68480.11477694;0.02101978;bid
1771189883760298;1771189883760294;68481.17456607;0.02326438;ask
1771189883760297;1771189883760294;68480.88436314;0.03685225;ask
1771189883760304;1771189883760294;68480.57744994;0.04712638;ask
1771189883760304;1771189883760294;68480.21351716;0.02957407;bid
1771189883760305;1771189883760294;68479.96891600;0.01865497;bid
1771189883760307;1771189883760294;68480.44786669;0.05386610;ask
1771189883760304;1771189883760294;68479.50969760;0.02975893;bid
1771189883760306;1771189883760294;68480.77213368;0.00578380;ask
1771189884148194;1771189884148187;68480.11137646;0.03108934;bid
1771189884148194;1771189884148187;68480.14311930;0.03634380;bid
1771189884148192;1771189884148187;68480.96407192;0.01735432;ask
1771189884148194;1771189884148187;68480.48280044;0.03223848;ask
1771189884541959;1771189884541953;68480.04981863;0.04661864;bid
1771189884541956;1771189884541953;68481.00348484;0.01549886;ask
1771189884541962;1771189884541953;68480.61954749;0.03467048;ask
1771189884541961;1771189884541953;68480.63351530;0.03014882;ask
1771189884541959;1771189884541953;68480.29236323;0.03837536;bid
1771189885312971;1771189885312969;68480.64537481;0.03744685;ask
1771189885312980;1771189885312969;68480.10035785;0.01813281;bid
1771189885312978;1771189885312969;68480.46020866;0.04488350;bid
1771189885312973;1771189885312969;68480.62092372;0.02443607;ask
1771189885312982;1771189885312969;68481.12824315;0.01793026;ask
1771189885312979;1771189885312969;68480.00735929;0.03650814;bid
1771189886544928;1771189886544923;68481.05637688;0.01684944;ask
1771189886544933;1771189886544923;68480.57357769;0.01361560;bid
1771189886544934;1771189886544923;68480.31091940;0.01203660;bid
1771189887560112;1771189887560106;68480.69332473;0.04672298;bid
1771189887560109;1771189887560106;68481.34845863;0.03801199;ask
1771189887560110;1771189887560106;68480.26740930;0.04684408;bid
1771189887560114;1771189887560106;68480.91362800;0.02231126;ask
1771189888994517;1771189888994508;68481.00708458;0.02862714;ask
1771189888994516;1771189888994508;68482.15626206;0.02710293;ask
1771189888994516;1771189888994508;68480.67524823;0.01972784;bid
1771189888994516;1771189888994508;68480.11505455;0.05616057;bid
1771189888994521;1771189888994508;68480.63426895;0.01034402;bid
1771189888994520;1771189888994508;68480.53745755;0.01239471;bid
1771189888994518;1771189888994508;68480.30299436;0.01815174;bid
1771189888994523;1771189888994508;68480.31590308;0.05319013;bid
1771189888994525;1771189888994508;68481.04470027;0.03133749;ask
1771189889493861;1771189889493860;68480.98116231;0.03323509;ask
1771189889493867;1771189889493860;68480.79375283;0.02020732;bid
1771189889493871;1771189889493860;68481.11708791;0.01710825;ask
1771189889493867;1771189889493860;68480.64723389;0.05257044;bid
1771189890874110;1771189890874105;68481.12966905;0.01369374;ask
1771189890874111;1771189890874105;68481.72764553;0.01738023;ask
1771189890874113;1771189890874105;68480.55738312;0.03030990;bid
1771189890874116;1771189890874105;68480.78954096;0.05357528;bid
1771189890874117;1771189890874105;68480.41246127;0.03115502;bid
1771189890874111;1771189890874105;68480.77976558;0.02747601;bid
1771189890874112;1771189890874105;68480.93241318;0.02115159;bid
1771189890874116;1771189890874105;68481.42522574;0.03877021;ask
1771189890874121;1771189890874105;68481.06302689;0.03624733;ask
1771189891496474;1771189891496473;68480.38894775;0.01404401;bid
1771189891496478;1771189891496473;68481.41363288;0.01641224;ask
1771189891496485;1771189891496473;68480.89491569;0.02499136;bid
1771189891496477;1771189891496473;68481.60546922;0.00858049;ask
1771189891496481;1771189891496473;68481.50492882;0.03843849;ask
1771189891496485;1771189891496473;68482.05298472;0.03912891;ask
1771189891496480;1771189891496473;68480.63625829;0.05036784;bid
1771189891496481;1771189891496473;68480.16207556;0.03656388;bid
1771189891496484;1771189891496473;68481.58438938;0.02934299;ask
1771189891496483;1771189891496473;68480.62095954;0.03248078;bid
1771189892008045;1771189892008039;68480.66759653;0.02906906;bid
1771189892008042;1771189892008039;68481.08768445;0.03475092;bid
1771189892008049;1771189892008039;68481.46330973;0.03696846;ask
1771189892008049;1771189892008039;68480.48553795;0.02605526;bid
1771189892008050;1771189892008039;68481.35904559;0.04648704;ask
1771189892008054;1771189892008039;68482.14725915;0.02728459;ask
1771189892008053;1771189892008039;68480.50959087;0.03020542;bid
1771189892008056;1771189892008039;68481.60455991;0.02141455;ask
1771189892424314;1771189892424306;68481.12975638;0.03989958;bid
1771189892424317;1771189892424306;68481.14394904;0.01077478;bid
1771189892424314;1771189892424306;68481.20457700;0.03470481;bid
1771189892424313;1771189892424306;68481.61359770;0.01166056;ask
1771189892424314;1771189892424306;68481.36391181;0.02524504;ask
1771189892424317;1771189892424306;68481.45658762;0.03135547;ask
1771189892424320;1771189892424306;68481.51682615;0.01060696;ask
1771189893700674;1771189893700664;68481.52265952;0.02251479;ask
1771189893700674;1771189893700664;68481.30596026;0.00957886;bid
1771189893700673;1771189893700664;68481.72350548;0.02583557;ask
1771189893700673;1771189893700664;68481.28096941;0.04645132;bid
1771189893700671;1771189893700664;68481.69545715;0.01334542;ask
1771189895041355;1771189895041347;68481.11205407;0.03458900;bid
1771189895041356;1771189895041347;68481.13682591;0.02881155;bid
1771189895041352;1771189895041347;68481.52233507;0.02052480;ask
1771189895041356;1771189895041347;68481.81994797;0.03697574;ask
1771189895041356;1771189895041347;68481.75890777;0.00790253;ask
1771189895041360;1771189895041347;68481.22646979;0.02552629;bid
1771189895041361;1771189895041347;68480.80118654;0.01082476;bid
1771189895598304;1771189895598297;68481.33413139;0.01964237;bid
1771189895598300;1771189895598297;68481.73237810;0.01602929;ask
1771189895598308;1771189895598297;68481.10713721;0.01543019;bid
1771189895598307;1771189895598297;68480.91272451;0.01698195;bid
1771189895598306;1771189895598297;68481.64020362;0.00866938;ask
1771189895932534;1771189895932524;68481.30695458;0.01646848;bid
1771189895932527;1771189895932524;68481.48109086;0.02049234;ask
1771189895932535;1771189895932524;68481.21235648;0.02074756;bid
1771189895932536;1771189895932524;68481.73782651;0.01158629;ask
1771189895932529;1771189895932524;68481.55801042;0.03830064;ask
1771189896431301;1771189896431293;68482.71167977;0.04063067;ask
1771189896431296;1771189896431293;68480.90482761;0.02474135;bid
1771189896431304;1771189896431293;68481.03087762;0.01765438;bid
1771189896431301;1771189896431293;68480.53587918;0.02828410;bid
1771189897210435;1771189897210427;68481.73642415;0.02737147;ask
1771189897210433;1771189897210427;68481.97369844;0.02056628;ask
1771189897210431;1771189897210427;68481.53275701;0.01608456;bid
1771189898354013;1771189898354004;68482.04272473;0.01042385;ask
1771189898354011;1771189898354004;68481.76525591;0.02597891;ask
1771189898354007;1771189898354004;68481.95211650;0.03541477;ask
1771189898354008;1771189898354004;68482.28365995;0.01787506;ask
1771189898354018;1771189898354004;68482.67264550;0.01280248;ask
1771189898354017;1771189898354004;68481.63684311;0.04181824;bid
1771189898354019;1771189898354004;68481.20012469;0.02498947;bid
1771189898354013;1771189898354004;68481.33609743;0.04384289;bid
1771189898906539;1771189898906538;68481.46822306;0.02888720;bid
1771189898906540;1771189898906538;68481.97573216;0.01156104;ask
1771189898906541;1771189898906538;68481.26327010;0.05086951;bid
1771189898906548;1771189898906538;68481.73720124;0.02183528;bid
1771189898906552;1771189898906538;68482.51524056;0.02235894;ask
1771189899822070;1771189899822062;68482.23382911;0.04078498;ask
1771189899822065;1771189899822062;68482.08584484;0.04378574;ask
1771189899822074;1771189899822062;68482.30519534;0.00825091;ask
1771189899822067;1771189899822062;68481.84803541;0.05792296;bid
1771189899822068;1771189899822062;68481.59439090;0.03602674;bid
1771189901014258;1771189901014250;68482.06265948;0.03153727;ask
1771189901014252;1771189901014250;68481.55527514;0.02252050;bid
1771189901834150;1771189901834149;68482.62850410;0.01967056;ask
1771189901834157;1771189901834149;68481.84456029;0.04892295;bid
1771189901834159;1771189901834149;68481.40427295;0.00734883;bid
1771189901834162;1771189901834149;68482.14134765;0.03087231;ask
1771189901834160;1771189901834149;68482.15087044;0.03282431;ask
1771189901834161;1771189901834149;68481.78003237;0.03743483;bid
1771189903124966;1771189903124960;68482.78842324;0.01741822;ask
1771189903124965;1771189903124960;68481.22474946;0.03881067;bid
1771189903124971;1771189903124960;68481.74003433;0.03118327;bid
1771189903124965;1771189903124960;68482.41506393;0.01851598;ask
1771189903124965;1771189903124960;68481.68290167;0.04811485;bid
1771189903124967;1771189903124960;68482.17631471;0.02559845;ask
1771189903124972;1771189903124960;68482.94985757;0.02866265;ask
1771189903124969;1771189903124960;68482.76036590;0.02119653;ask
1771189903124978;1771189903124960;68481.47596256;0.03532430;bid
1771189904489857;1771189904489848;68482.82928940;0.02319870;ask
1771189904489853;1771189904489848;68482.15458221;0.01138278;bid
1771189904489852;1771189904489848;68482.40160278;0.02914117;ask
1771189904489860;1771189904489848;68482.43232043;0.03732849;ask
1771189904489855;1771189904489848;68482.78190422;0.03755794;ask
1771189904489857;1771189904489848;68481.97720124;0.01690471;bid
1771189905783613;1771189905783607;68482.14511945;0.03695433;bid
1771189905783618;1771189905783607;68482.45694990;0.01109250;ask
1771189905783616;1771189905783607;68482.59306154;0.01935509;ask
1771189906418834;1771189906418830;68481.83250878;0.00882489;bid
1771189906418837;1771189906418830;68482.75624205;0.02868724;ask
1771189906418835;1771189906418830;68482.08042603;0.04324676;bid
1771189906418834;1771189906418830;68482.66526164;0.01779236;ask
1771189906418839;1771189906418830;68482.42123911;0.03110483;bid
1771189906418836;1771189906418830;68482.98147445;0.03146068;ask
1771189907693630;1771189907693623;68482.54134647;0.04036480;ask
1771189907693630;1771189907693623;68483.50152362;0.03180978;ask
1771189907693627;1771189907693623;68482.30281950;0.02695746;bid
1771189907693633;1771189907693623;68482.91205000;0.03737912;ask
1771189907693635;1771189907693623;68481.42797707;0.01091604;bid
1771189907693633;1771189907693623;68481.80934665;0.02410547;bid
1771189907693632;1771189907693623;68482.19265827;0.00798587;bid
1771189907693633;1771189907693623;68481.94254283;0.02128427;bid
1771189908422002;1771189908421999;68482.87238789;0.02732344;ask
1771189908422005;1771189908421999;68481.89407545;0.05042695;bid
1771189908422009;1771189908421999;68482.00236427;0.05033801;bid
1771189908422006;1771189908421999;68482.15909057;0.02459500;bid
1771189908422007;1771189908421999;68482.65614152;0.04766753;ask
1771189908422013;1771189908421999;68481.69133975;0.02472876;bid
1771189908422011;1771189908421999;68483.07101889;0.04211781;ask
1771189908422015;1771189908421999;68481.98778863;0.03309730;bid
1771189908422010;1771189908421999;68482.59143256;0.04661629;ask
1771189908956210;1771189908956200;68482.07106709;0.02633226;bid
1771189908956208;1771189908956200;68481.99861079;0.02066525;bid
1771189908956208;1771189908956200;68482.24447728;0.03884106;bid
1771189908956208;1771189908956200;68482.46435495;0.02035994;ask
1771189908956214;1771189908956200;68482.85479819;0.02747458;ask
1771189909605487;1771189909605486;68483.28511300;0.02814103;ask
1771189909605496;1771189909605486;68483.14564278;0.02775235;ask
1771189909605497;1771189909605486;68482.97612939;0.04249907;ask
1771189909605498;1771189909605486;68481.87019121;0.02144926;bid
1771189909605498;1771189909605486;68482.19955682;0.03864726;bid
1771189909605492;1771189909605486;68481.79821084;0.02491462;bid
1771189909605496;1771189909605486;68482.45751923;0.03635531;bid
1771189909605501;1771189909605486;68481.53512317;0.02021471;bid
1771189909605498;1771189909605486;68482.22645222;0.00938783;bid
1771189909605498;1771189909605486;68483.13328847;0.02946458;ask
1771189911060900;1771189911060894;68482.83952872;0.00979916;ask
1771189911060898;1771189911060894;68482.61131175;0.01420662;bid
1771189911060900;1771189911060894;68482.41757729;0.02848722;bid
1771189911060903;1771189911060894;68483.12340738;0.02859442;ask
1771189911060903;1771189911060894;68482.14569820;0.02370106;bid
1771189912021959;1771189912021951;68482.75466269;0.01047269;bid
1771189912021958;1771189912021951;68483.14837486;0.01255727;ask
1771189912021959;1771189912021951;68483.01506991;0.04108577;ask
1771189912021963;1771189912021951;68482.52709384;0.01153229;bid
1771189912021960;1771189912021951;68483.14610686;0.02455533;ask
1771189912710046;1771189912710036;68482.91982629;0.02263313;bid
1771189912710038;1771189912710036;68483.21241069;0.03560501;ask
1771189912710047;1771189912710036;68482.69715026;0.00879812;bid
1771189912710049;1771189912710036;68483.79074006;0.00897669;ask
1771189912710046;1771189912710036;68482.78244283;0.02350864;bid
1771189912710043;1771189912710036;68483.65162168;0.01006591;ask
1771189912710048;1771189912710036;68482.19295909;0.01546210;bid
1771189912710044;1771189912710036;68483.26615625;0.01737517;ask
1771189912710045;1771189912710036;68483.41247762;0.03853611;ask
1771189913026352;1771189913026350;68483.16768164;0.01422967;bid
1771189913026360;1771189913026350;68483.11303938;0.01318854;bid
1771189914385426;1771189914385417;68483.02918969;0.01984901;bid
1771189914385428;1771189914385417;68483.72747331;0.03060778;ask
1771189914385425;1771189914385417;68483.73956628;0.02385769;ask
1771189914717077;1771189914717074;68483.97758850;0.02375742;ask
1771189914717078;1771189914717074;68483.19717044;0.00666305;bid
1771189914717084;1771189914717074;68483.65144914;0.02999294;ask
1771189914717086;1771189914717074;68483.27034947;0.03211920;bid
1771189914717082;1771189914717074;68482.65404457;0.01407992;bid
1771189914717087;1771189914717074;68482.28972444;0.01189355;bid
1771189914717089;1771189914717074;68484.05996932;0.03823491;ask
1771189914717088;1771189914717074;68482.85095477;0.03267072;bid
1771189915223225;1771189915223217;68482.61038712;0.04966106;bid
1771189915223220;1771189915223217;68483.17577127;0.05380103;bid
1771189915223221;1771189915223217;68483.97311914;0.01047460;ask
1771189915223221;1771189915223217;68482.67245062;0.04000798;bid
1771189915223229;1771189915223217;68483.62808748;0.03870369;ask
1771189915223232;1771189915223217;68483.31938314;0.02410951;bid
1771189915223227;1771189915223217;68483.07663326;0.05303149;bid
1771189915223231;1771189915223217;68483.17760651;0.03229708;bid
1771189915223230;1771189915223217;68483.81784661;0.01575246;ask
1771189916620114;1771189916620105;68483.74553757;0.01435999;ask
1771189916620111;1771189916620105;68482.88079566;0.03517500;bid
1771189916620115;1771189916620105;68483.17790416;0.03659510;bid
1771189916620117;1771189916620105;68484.25103735;0.03504757;ask
1771189916620112;1771189916620105;68483.43008223;0.04903781;ask
1771189916620115;1771189916620105;68482.97759068;0.02824788;bid
1771189916620116;1771189916620105;68482.79054712;0.02555787;bid
1771189916620122;1771189916620105;68483.29789688;0.03633620;bid
1771189916620115;1771189916620105;68484.03160266;0.03317947;ask
1771189918008173;1771189918008165;68483.55810367;0.00947914;ask
1771189918008175;1771189918008165;68484.18347397;0.02238310;ask
1771189918008169;1771189918008165;68482.98987956;0.01457829;bid
1771189918008178;1771189918008165;68483.50799443;0.02483962;ask
1771189918008174;1771189918008165;68483.71709639;0.02533026;ask
1771189918008180;1771189918008165;68483.06326575;0.01675341;bid
1771189918836903;1771189918836895;68483.25308212;0.03949471;bid
1771189918836901;1771189918836895;68483.58370310;0.02594436;ask
1771189918836900;1771189918836895;68483.23213213;0.02017357;bid
1771189918836899;1771189918836895;68483.88571029;0.03212401;ask
1771189918836906;1771189918836895;68483.85507822;0.01604882;ask
1771189919547375;1771189919547366;68483.28260727;0.03574786;bid
1771189919547374;1771189919547366;68483.80325180;0.01307590;ask
1771189919547373;1771189919547366;68483.75726064;0.04653304;ask
1771189919547370;1771189919547366;68483.63248412;0.02811764;ask
1771189920648846;1771189920648842;68483.07569639;0.01263480;bid
1771189920648845;1771189920648842;68483.45198953;0.02404453;bid
1771189920648847;1771189920648842;68484.29531013;0.00747106;ask
1771189920648850;1771189920648842;68483.71755535;0.01384039;ask
1771189920648853;1771189920648842;68484.02523413;0.01673667;ask
1771189920648851;1771189920648842;68484.28241002;0.02859991;ask
1771189920648850;1771189920648842;68484.21679838;0.03118237;ask
1771189920648852;1771189920648842;68482.92668255;0.03999030;bid
1771189920648858;1771189920648842;68483.52907286;0.03477341;bid
1771189921732053;1771189921732047;68483.07371458;0.02505034;bid
1771189921732049;1771189921732047;68483.36435227;0.03648484;bid
1771189921732055;1771189921732047;68484.20833059;0.02902750;ask
1771189921732057;1771189921732047;68483.36612380;0.02692746;bid
1771189923022558;1771189923022553;68483.39828911;0.04405591;bid
1771189923022556;1771189923022553;68483.10027558;0.04839317;bid
1771189923022565;1771189923022553;68484.07406414;0.04485315;ask
1771189923022563;1771189923022553;68483.06747221;0.03296057;bid
1771189923022563;1771189923022553;68483.60888593;0.04599261;ask
1771189923022568;1771189923022553;68484.17853184;0.05568573;ask
1771189924412395;1771189924412390;68483.66606908;0.02011596;ask
1771189924412395;1771189924412390;68483.53901605;0.04750431;ask
1771189924412399;1771189924412390;68483.61988928;0.02114516;ask
1771189924977003;1771189924977000;68482.62464124;0.02246974;bid
1771189924977005;1771189924977000;68484.13836655;0.01537074;ask
1771189924977006;1771189924977000;68483.64926641;0.02288809;ask
1771189924977009;1771189924977000;68483.40331709;0.01016813;ask
1771189924977012;1771189924977000;68482.86695549;0.03055241;bid
1771189924977014;1771189924977000;68482.53597382;0.05890657;bid
1771189925742514;1771189925742509;68483.84824436;0.01717970;ask
1771189925742520;1771189925742509;68482.96471392;0.00787734;bid
1771189925742512;1771189925742509;68482.42470941;0.04119488;bid
1771189925742515;1771189925742509;68483.64572067;0.02714986;ask
1771189925742522;1771189925742509;68482.43368828;0.03405976;bid
1771189925742523;1771189925742509;68483.28746938;0.01458277;ask
1771189925742522;1771189925742509;68483.68007523;0.02790552;ask
1771189925742522;1771189925742509;68482.66083389;0.04683543;bid
1771189926169464;1771189926169462;68482.47110337;0.03216558;bid
1771189926169464;1771189926169462;68482.65921770;0.01485295;bid
1771189926169466;1771189926169462;68483.60747503;0.02565548;ask
1771189926169467;1771189926169462;68483.24244988;0.02540473;ask
1771189926169468;1771189926169462;68483.80061578;0.00928718;ask
1771189926169476;1771189926169462;68482.88838163;0.02328996;bid
1771189926169469;1771189926169462;68482.65184995;0.02238535;bid
1771189926169470;1771189926169462;68482.91853339;0.01443646;bid
1771189927342801;1771189927342793;68483.18010749;0.04404774;ask
1771189927342801;1771189927342793;68482.66612522;0.02626018;bid
1771189927342803;1771189927342793;68482.74055265;0.03035934;bid
1771189927342802;1771189927342793;68482.78626046;0.04543780;bid
1771189927342805;1771189927342793;68482.60625370;0.00858100;bid
1771189927342799;1771189927342793;68483.32522904;0.02778868;ask
1771189927342807;1771189927342793;68483.23051440;0.02677892;ask
1771189927685069;1771189927685066;68482.73062633;0.01514043;bid
1771189927685072;1771189927685066;68482.59950466;0.04334099;bid
1771189927685074;1771189927685066;68483.21177862;0.01375766;ask
1771189927685079;1771189927685066;68483.00388225;0.02944318;ask
1771189928632735;1771189928632729;68483.03348382;0.00729698;ask
1771189928632734;1771189928632729;68482.52992517;0.03826731;bid
1771189928632738;1771189928632729;68482.49394183;0.02695983;bid
1771189928632735;1771189928632729;68482.81054416;0.01490948;ask
1771189928632737;1771189928632729;68482.28270050;0.00975029;bid
1771189928632743;1771189928632729;68482.01839692;0.00857409;bid
1771189928632744;1771189928632729;68482.01356081;0.00683823;bid
1771189928632744;1771189928632729;68482.78953283;0.05205728;ask
1771189930077302;1771189930077294;68482.20648247;0.01511134;bid
1771189930077299;1771189930077294;68482.66999114;0.05371498;ask
1771189930077306;1771189930077294;68482.28308005;0.01653664;bid
1771189930077305;1771189930077294;68482.21723471;0.01480064;bid
1771189930077299;1771189930077294;68482.74335357;0.03971860;ask
1771189930077305;1771189930077294;68482.62841219;0.03216871;ask
1771189930077306;1771189930077294;68482.71998498;0.02591258;ask
1771189930077311;1771189930077294;68483.25093147;0.02195585;ask
1771189930950717;1771189930950710;68482.52094122;0.01002775;ask
1771189930950718;1771189930950710;68482.13176910;0.03832210;bid
1771189930950720;1771189930950710;68481.41174754;0.04630297;bid
1771189930950723;1771189930950710;68482.37164106;0.02911496;ask
1771189930950715;1771189930950710;68482.44504213;0.02138939;ask
1771189930950721;1771189930950710;68482.88778625;0.01484553;ask
1771189930950726;1771189930950710;68482.84107346;0.03340711;ask
1771189930950720;1771189930950710;68482.14611203;0.03284353;bid
1771189930950723;1771189930950710;68481.83461367;0.01907052;bid
1771189930950723;1771189930950710;68481.81290788;0.04086694;bid
1771189931985446;1771189931985444;68481.53168882;0.03319511;bid
1771189931985448;1771189931985444;68481.82143644;0.02556346;bid
1771189931985454;1771189931985444;68482.78323831;0.01950247;ask
1771189931985449;1771189931985444;68482.23179204;0.05169940;ask
1771189931985455;1771189931985444;68481.62432514;0.00765904;bid
1771189931985459;1771189931985444;68481.68766019;0.03260910;bid
1771189931985455;1771189931985444;68482.08346623;0.01968837;ask
1771189931985457;1771189931985444;68482.63868533;0.02725633;ask
1771189932436712;1771189932436706;68482.03997422;0.02017920;ask
1771189932436709;1771189932436706;68481.77403653;0.03017766;ask
1771189932436716;1771189932436706;68482.12709403;0.02300861;ask
1771189932436718;1771189932436706;68481.06529478;0.03844479;bid
1771189932436720;1771189932436706;68481.51539899;0.03151092;bid
1771189932436717;1771189932436706;68482.55852560;0.01116778;ask
1771189932436719;1771189932436706;68480.98115328;0.01460613;bid
1771189933029096;1771189933029089;68480.85573433;0.05098239;bid
1771189933029094;1771189933029089;68481.45474422;0.03871688;ask
1771189933029092;1771189933029089;68480.37983674;0.01321413;bid
1771189933029099;1771189933029089;68481.02870305;0.01427031;bid
1771189933029097;1771189933029089;68482.25419747;0.02522645;ask
1771189933029100;1771189933029089;68481.46828914;0.02833274;ask
1771189933029105;1771189933029089;68481.95062292;0.03367361;ask
1771189933355255;1771189933355251;68482.03649490;0.01503754;ask
1771189933355261;1771189933355251;68480.56758639;0.04326489;bid
1771189933355257;1771189933355251;68480.91175654;0.00954981;bid
1771189933355264;1771189933355251;68480.79220013;0.02737536;bid
1771189933355261;1771189933355251;68481.73323109;0.01504365;ask
1771189933355258;1771189933355251;68480.04280004;0.01650596;bid
1771189933355267;1771189933355251;68481.14893322;0.02460025;ask
1771189933355263;1771189933355251;68481.55863847;0.02510987;ask
1771189933355261;1771189933355251;68480.32581126;0.02839066;bid
1771189934562764;1771189934562759;68480.52099957;0.02806224;bid
1771189934562763;1771189934562759;68481.19188986;0.02530754;ask
1771189934562766;1771189934562759;68480.47045099;0.02961363;bid
1771189934562766;1771189934562759;68481.20196646;0.02659787;ask
1771189934562767;1771189934562759;68480.49589635;0.02439872;bid
1771189934562774;1771189934562759;68480.70457162;0.01683008;bid
1771189934562771;1771189934562759;68480.92150755;0.03860389;ask
1771189934562773;1771189934562759;68481.22591487;0.04564251;ask
1771189935547384;1771189935547380;68480.32117916;0.01007389;bid
1771189935547387;1771189935547380;68481.74464647;0.04506749;ask
1771189935547383;1771189935547380;68480.73537791;0.01227580;ask
1771189935547393;1771189935547380;68479.83782094;0.02402087;bid
1771189935547387;1771189935547380;68479.21001116;0.03928786;bid
1771189935547386;1771189935547380;68481.50550246;0.02686256;ask
1771189935547389;1771189935547380;68480.95509713;0.02517758;ask
1771189935547388;1771189935547380;68480.49742817;0.02960214;bid
1771189935547396;1771189935547380;68480.47305605;0.03478507;bid
1771189935547392;1771189935547380;68481.11875206;0.04369585;ask
1771189935547393;1771189935547380;68480.43086574;0.01577660;bid
1771189935547394;1771189935547380;68481.11210891;0.03587333;ask
1771189936092932;1771189936092928;68480.78772812;0.01335398;ask
1771189936092937;1771189936092928;68479.99291095;0.01910485;bid
1771189936092935;1771189936092928;68480.56249717;0.04443789;ask
1771189936092935;1771189936092928;68480.28438993;0.00957252;ask
1771189936092942;1771189936092928;68480.33425268;0.03047923;ask
1771189936092934;1771189936092928;68479.63363547;0.04362077;bid
1771189937566385;1771189937566378;68480.71163234;0.02052122;ask
1771189937566383;1771189937566378;68479.10089145;0.00686166;bid
1771189937566389;1771189937566378;68479.61417430;0.01101873;bid
1771189937566391;1771189937566378;68479.18298401;0.02028177;bid
1771189937566383;1771189937566378;68480.13500232;0.01499319;ask
1771189937566389;1771189937566378;68479.94204011;0.02713451;ask
1771189937566391;1771189937566378;68479.57006356;0.03593496;bid
1771189937566395;1771189937566378;68479.93239297;0.00819535;ask
1771189938141672;1771189938141667;68479.89678913;0.02629431;ask
1771189938141675;1771189938141667;68479.63850608;0.05423705;ask
1771189938141672;1771189938141667;68479.75701987;0.01471310;ask
1771189938141677;1771189938141667;68478.96745774;0.00563107;bid
1771189938141676;1771189938141667;68480.15374331;0.02938546;ask
1771189938844695;1771189938844687;68479.26246439;0.01053916;ask
1771189938844692;1771189938844687;68479.68628528;0.03127062;ask
1771189938844693;1771189938844687;68478.62394065;0.02802933;bid
1771189938844699;1771189938844687;68478.92372168;0.00622802;bid
1771189938844695;1771189938844687;68479.55474399;0.01992807;ask
1771189938844697;1771189938844687;68478.05056010;0.03076724;bid
1771189938844694;1771189938844687;68478.79661202;0.00593053;bid
1771189938844700;1771189938844687;68479.52899211;0.01997369;ask
1771189939524552;1771189939524543;68479.23672306;0.04075517;ask
1771189939524546;1771189939524543;68478.93546195;0.03200198;ask
1771189939524548;1771189939524543;68478.36633803;0.02657914;bid
1771189939524553;1771189939524543;68478.86591304;0.02627725;ask
1771189939884427;1771189939884421;68478.71939599;0.01261960;ask
1771189939884430;1771189939884421;68477.70478533;0.03726247;bid
1771189939884429;1771189939884421;68478.53221769;0.01826543;ask
1771189939884428;1771189939884421;68478.30695502;0.01590097;ask
1771189941153829;1771189941153825;68477.33464061;0.02118532;bid
1771189941153827;1771189941153825;68477.08970838;0.01999978;bid
1771189941153835;1771189941153825;68477.29894470;0.03378972;bid
1771189941153830;1771189941153825;68478.00202493;0.03003970;ask
1771189941153836;1771189941153825;68477.74363243;0.01804962;ask
1771189941153833;1771189941153825;68478.10103535;0.02649544;ask
1771189941153838;1771189941153825;68477.50946471;0.04270022;bid
1771189941153842;1771189941153825;68477.34810655;0.01422313;bid
1771189941518820;1771189941518811;68477.25408010;0.04664633;ask
1771189941518813;1771189941518811;68476.29042176;0.03817449;bid
1771189941518815;1771189941518811;68477.55384565;0.01479692;ask
1771189941518819;1771189941518811;68476.88820125;0.01238281;bid
1771189942237296;1771189942237295;68476.94801523;0.05027388;ask
1771189942237299;1771189942237295;68477.01896725;0.02185110;ask
1771189942237302;1771189942237295;68476.79985538;0.01273767;ask
1771189942237303;1771189942237295;68477.35808425;0.00723021;ask
1771189942237308;1771189942237295;68476.14568523;0.04750882;bid
1771189942237302;1771189942237295;68476.47137454;0.01770928;bid
1771189942893729;1771189942893725;68476.37025856;0.03748427;ask
1771189942893729;1771189942893725;68475.73591619;0.02745702;bid
1771189942893736;1771189942893725;68476.85623040;0.03435544;ask
1771189942893732;1771189942893725;68475.54997869;0.01322591;bid
1771189942893733;1771189942893725;68476.59824412;0.02079019;ask
1771189942893735;1771189942893725;68476.40520107;0.01887768;ask
1771189943708512;1771189943708502;68476.05700135;0.03275777;ask
1771189943708505;1771189943708502;68475.55108402;0.01570452;bid
1771189943708514;1771189943708502;68476.41795668;0.04361176;ask
1771189943708511;1771189943708502;68475.00931531;0.03407602;bid
1771189943708513;1771189943708502;68476.26892669;0.01591825;ask
1771189943708509;1771189943708502;68476.11053552;0.03759698;ask
1771189943708509;1771189943708502;68475.55888213;0.01119591;bid
1771189943708513;1771189943708502;68475.28871048;0.02967066;bid
1771189943708519;1771189943708502;68475.82613145;0.02320594;ask
1771189944610091;1771189944610086;68475.70715856;0.01060826;ask
1771189944610092;1771189944610086;68475.14263986;0.02112667;bid
1771189944610089;1771189944610086;68474.80153048;0.03103662;bid
1771189944610091;1771189944610086;68474.87930392;0.03155743;bid
1771189944610099;1771189944610086;68475.66377923;0.02524946;ask
1771189944610100;1771189944610086;68475.89871209;0.02046198;ask
1771189945267555;1771189945267548;68474.64060170;0.01865535;bid
1771189945267553;1771189945267548;68474.99963465;0.00890374;ask
1771189945267553;1771189945267548;68475.12087618;0.01351473;ask
1771189945267554;1771189945267548;68474.65896667;0.03633028;bid
1771189945267562;1771189945267548;68474.63597901;0.02844924;bid
1771189945267557;1771189945267548;68474.18598391;0.02231372;bid
1771189945267555;1771189945267548;68475.32438626;0.04110030;ask
1771189945267556;1771189945267548;68475.43797598;0.03857349;ask
1771189945719296;1771189945719294;68474.63243422;0.01863877;ask
1771189945719298;1771189945719294;68474.95546950;0.04166559;ask
1771189945719303;1771189945719294;68474.60549942;0.04421484;ask
1771189945719299;1771189945719294;68474.35371410;0.03628625;bid
1771189945719304;1771189945719294;68473.54903164;0.01247247;bid
1771189945719306;1771189945719294;68474.18939401;0.01578741;bid
1771189945719302;1771189945719294;68473.71172068;0.01356785;bid
1771189945719305;1771189945719294;68474.84077205;0.01314760;ask
1771189945719312;1771189945719294;68474.10573728;0.02328233;bid
1771189945719308;1771189945719294;68475.20625584;0.02598195;ask
1771189945719307;1771189945719294;68475.20033590;0.02124044;ask
1771189946187534;1771189946187532;68473.69343088;0.00909621;bid
1771189946187539;1771189946187532;68474.39151312;0.02970141;ask
1771189947353661;1771189947353658;68473.76709156;0.00920948;ask
1771189947353660;1771189947353658;68473.30571505;0.04628199;bid
1771189947353665;1771189947353658;68473.35887180;0.01072803;bid
1771189947353671;1771189947353658;68473.93685827;0.03775109;ask
1771189948272725;1771189948272721;68471.81130384;0.04781140;bid
1771189948272731;1771189948272721;68472.40544269;0.02225387;bid
1771189948272727;1771189948272721;68473.29311509;0.03983229;ask
1771189948272726;1771189948272721;68472.87897320;0.01855219;bid
1771189948272726;1771189948272721;68473.00490757;0.02116166;bid
1771189948272728;1771189948272721;68473.80236265;0.03699242;ask
1771189948272731;1771189948272721;68472.69571890;0.04297300;bid
1771189948272737;1771189948272721;68473.40570123;0.04830827;ask
1771189949249344;1771189949249338;68472.15065900;0.04173784;bid
1771189949249341;1771189949249338;68473.21333985;0.01605180;ask
1771189949249343;1771189949249338;68472.12463252;0.01683603;bid
1771189949249343;1771189949249338;68472.50928623;0.00765328;bid
1771189949918968;1771189949918962;68472.37033059;0.02965674;ask
1771189949918965;1771189949918962;68472.01860438;0.03376346;bid
1771189949918965;1771189949918962;68472.36523344;0.00829825;ask
1771189949918970;1771189949918962;68472.56200029;0.03980558;ask
1771189951011532;1771189951011528;68471.13747412;0.01240361;bid
1771189951395986;1771189951395980;68470.60469606;0.02466880;bid
1771189951395986;1771189951395980;68471.81264254;0.01376918;ask
1771189951395986;1771189951395980;68471.58025557;0.01320046;ask
1771189951395984;1771189951395980;68470.60392830;0.03754371;bid
1771189951395988;1771189951395980;68471.25766711;0.01748344;ask
1771189951395986;1771189951395980;68471.00966109;0.02032013;bid
1771189951395991;1771189951395980;68470.77683244;0.04762388;bid
1771189951395988;1771189951395980;68471.19773061;0.01818359;ask
1771189951949012;1771189951949002;68470.86603123;0.02177988;ask
1771189951949007;1771189951949002;68470.49184593;0.01914148;bid
1771189951949005;1771189951949002;68471.04904372;0.01189751;ask
1771189951949015;1771189951949002;68470.87405748;0.03812703;ask
1771189953425594;1771189953425593;68469.97420968;0.03175653;bid
1771189953425602;1771189953425593;68470.10008048;0.03637162;bid
1771189953425602;1771189953425593;68470.07087227;0.02020642;bid
1771189953425606;1771189953425593;68470.60808594;0.01654127;ask
1771189953425600;1771189953425593;68470.30807675;0.04093621;ask
1771189953425599;1771189953425593;68470.02738113;0.02095167;bid
1771189953866916;1771189953866912;68469.54509014;0.03735744;bid
1771189953866919;1771189953866912;68468.92220788;0.02964736;bid
1771189953866916;1771189953866912;68470.55323646;0.03455456;ask
1771189953866919;1771189953866912;68469.99047859;0.00648181;ask
1771189953866922;1771189953866912;68470.12407014;0.02271469;ask
1771189953866919;1771189953866912;68470.09230835;0.03974696;ask
1771189953866920;1771189953866912;68470.12426957;0.02143467;ask
1771189953866925;1771189953866912;68469.09139720;0.02503938;bid
1771189953866928;1771189953866912;68470.49265679;0.02867964;ask
1771189953866930;1771189953866912;68469.45018814;0.01112041;bid
1771189954680418;1771189954680416;68469.10269016;0.04406574;bid
1771189954680423;1771189954680416;68469.63304486;0.05191113;ask
1771189954680424;1771189954680416;68469.43032100;0.01565390;ask
1771189954680423;1771189954680416;68469.33989959;0.03958554;ask
1771189956051966;1771189956051956;68468.56180207;0.00598375;bid
1771189956051960;1771189956051956;68468.90802425;0.01530158;ask
1771189956051967;1771189956051956;68468.79199267;0.02692453;ask
1771189957390886;1771189957390878;68468.34701040;0.01528798;ask
1771189957390880;1771189957390878;68467.91473600;0.02878204;bid
1771189957390887;1771189957390878;68467.78020311;0.00717928;bid
1771189957390886;1771189957390878;68468.26053528;0.02047736;ask
1771189957781797;1771189957781792;68466.86143436;0.01814604;bid
1771189957781795;1771189957781792;68466.99365816;0.03083152;bid
1771189957781797;1771189957781792;68467.45703933;0.00974039;bid
1771189957781803;1771189957781792;68467.89652857;0.02398214;ask
1771189957781803;1771189957781792;68467.66444344;0.03021801;ask
1771189957781800;1771189957781792;68468.12052126;0.02063319;ask
1771189957781808;1771189957781792;68467.17592052;0.03436231;bid
1771189958971147;1771189958971138;68467.52048394;0.05544975;ask
1771189958971140;1771189958971138;68467.21608813;0.04053737;ask
1771189958971146;1771189958971138;68466.39111232;0.02191018;bid
1771189958971142;1771189958971138;68466.30584348;0.03921096;bid
1771189958971146;1771189958971138;68465.80425600;0.01954286;bid
1771189958971145;1771189958971138;68467.91368569;0.03092505;ask
1771189958971150;1771189958971138;68466.67540851;0.03861622;bid
1771189958971146;1771189958971138;68467.10245034;0.02106911;ask
1771189958971153;1771189958971138;68466.97924596;0.02092151;ask
1771189958971151;1771189958971138;68467.16713464;0.05088010;ask
1771189959336444;1771189959336435;68465.61587111;0.02520052;bid
1771189959336444;1771189959336435;68466.36985569;0.03643991;ask
1771189959336440;1771189959336435;68465.44749965;0.02824190;bid
1771189959336443;1771189959336435;68466.36020929;0.02921247;ask
1771189959336446;1771189959336435;68466.05338392;0.01139603;bid
1771189959336448;1771189959336435;68466.01684292;0.04061633;bid
1771189960221722;1771189960221717;68465.71411059;0.04474182;ask
1771189960221720;1771189960221717;68465.80620788;0.01249698;ask
1771189960221728;1771189960221717;68466.27895434;0.03224498;ask
1771189960221721;1771189960221717;68465.45191538;0.03183612;bid
1771189961410571;1771189961410561;68465.03517359;0.01130696;ask
1771189961410572;1771189961410561;68465.35539083;0.01769664;ask
1771189961410572;1771189961410561;68464.67667657;0.01522841;bid
1771189961410572;1771189961410561;68464.73122212;0.01519166;bid
1771189961410573;1771189961410561;68463.72283680;0.02081168;bid
1771189961410569;1771189961410561;68464.57982053;0.03767739;bid
1771189962095173;1771189962095163;68464.34060964;0.05639367;ask
1771189962095172;1771189962095163;68464.40051310;0.02731380;ask
1771189962095174;1771189962095163;68463.94282644;0.01502734;bid
1771189962095174;1771189962095163;68464.18000193;0.03381327;bid
1771189963541312;1771189963541302;68463.99551999;0.02609415;ask
1771189963541313;1771189963541302;68463.49962671;0.03833703;bid
1771189963541309;1771189963541302;68462.74294701;0.02812532;bid
1771189963541313;1771189963541302;68463.00935354;0.00986040;bid
1771189963541315;1771189963541302;68463.33663325;0.02072494;bid
1771189963541315;1771189963541302;68463.92432249;0.04283038;ask
1771189963541311;1771189963541302;68464.06401341;0.02113987;ask
1771189964087550;1771189964087542;68463.37844684;0.05093169;ask
1771189964087552;1771189964087542;68462.68895448;0.01000458;bid
1771189964087548;1771189964087542;68462.03148510;0.01404090;bid
1771189964087549;1771189964087542;68463.67234174;0.03967463;ask
1771189964087551;1771189964087542;68462.41838854;0.03227544;bid
1771189964087548;1771189964087542;68463.39627519;0.03563713;ask
1771189964087557;1771189964087542;68462.24083564;0.01707192;bid
1771189964087551;1771189964087542;68462.65833898;0.01098514;bid
1771189964087560;1771189964087542;68463.05443832;0.01495192;ask
1771189965534821;1771189965534811;68462.45509308;0.01099701;ask
1771189965534815;1771189965534811;68462.94167568;0.01399961;ask
1771189965534823;1771189965534811;68462.15388218;0.02613097;bid
1771189965534816;1771189965534811;68462.75231851;0.00787394;ask
1771189965534824;1771189965534811;68461.59712006;0.03623902;bid
1771189965534822;1771189965534811;68462.55735396;0.02522633;ask
1771189965534820;1771189965534811;68462.02083295;0.03082823;bid
1771189965534822;1771189965534811;68462.27414646;0.01536424;bid
1771189966871941;1771189966871934;68462.16395364;0.02720534;ask
1771189966871939;1771189966871934;68462.48914079;0.01992866;ask
1771189966871941;1771189966871934;68460.55119168;0.02513248;bid
1771189966871946;1771189966871934;68461.67150653;0.01274424;bid
1771189966871945;1771189966871934;68462.74090290;0.02220367;ask
1771189966871940;1771189966871934;68460.97752136;0.03775251;bid
1771189966871941;1771189966871934;68461.45399796;0.03866258;bid
1771189966871943;1771189966871934;68461.59759283;0.02662386;bid
1771189966871947;1771189966871934;68462.17825763;0.01947105;ask
1771189966871947;1771189966871934;68462.13295299;0.01099283;ask
1771189967323660;1771189967323650;68461.54275455;0.02930969;ask
1771189967323657;1771189967323650;68461.21380635;0.01744697;ask
1771189967323659;1771189967323650;68461.20574971;0.04519659;ask
1771189967323656;1771189967323650;68460.73544691;0.04759807;bid
1771189967958577;1771189967958574;68460.70616984;0.02316765;ask
1771189967958585;1771189967958574;68460.20623531;0.03059820;bid
1771189967958583;1771189967958574;68460.23570246;0.05816636;bid
1771189967958579;1771189967958574;68460.01884050;0.03167344;bid
1771189968345036;1771189968345026;68459.48911698;0.02217596;bid
1771189968345035;1771189968345026;68460.22788432;0.04804940;ask
1771189968345035;1771189968345026;68460.30727264;0.04557017;ask
1771189968345036;1771189968345026;68459.70694415;0.01414901;bid
1771189968345038;1771189968345026;68458.80389894;0.03567527;bid
1771189968345032;1771189968345026;68459.66565055;0.02771597;bid
1771189968345038;1771189968345026;68459.68250225;0.02924399;bid
1771189968665577;1771189968665575;68458.65900387;0.01270397;bid
1771189968665581;1771189968665575;68459.27861317;0.00681052;bid
1771189968665580;1771189968665575;68459.52769103;0.02565322;ask
1771189968665587;1771189968665575;68459.07244126;0.01931712;bid
1771189969546473;1771189969546466;68458.45610036;0.01329763;bid
1771189969546477;1771189969546466;68458.62190293;0.01831504;ask
1771189969546474;1771189969546466;68458.14501513;0.03809762;bid
1771189969546478;1771189969546466;68458.72449101;0.02531991;ask
1771189970547576;1771189970547567;68458.01984359;0.02631693;ask
1771189970547573;1771189970547567;68458.02753061;0.01331358;ask
1771189970547574;1771189970547567;68457.71320349;0.02254083;ask
1771189970547579;1771189970547567;68456.98846220;0.03431129;bid
1771189970547575;1771189970547567;68456.91457936;0.01166111;bid
1771189970547581;1771189970547567;68457.26332587;0.03769844;bid
1771189970547575;1771189970547567;68457.84712034;0.04777465;ask
1771189970547584;1771189970547567;68457.93390758;0.03844044;ask
1771189970547580;1771189970547567;68457.35893350;0.02378988;bid
1771189971392625;1771189971392617;68457.11896481;0.01007055;ask
1771189971392627;1771189971392617;68456.49508001;0.01767409;bid
1771189971392628;1771189971392617;68455.90115954;0.05058357;bid
1771189971392622;1771189971392617;68457.43936653;0.03111941;ask
1771189971392625;1771189971392617;68457.02331722;0.03972592;ask
1771189971392625;1771189971392617;68456.65329041;0.02599542;bid
1771189972098734;1771189972098729;68456.09155442;0.02998173;ask
1771189972098735;1771189972098729;68455.81266217;0.03203629;bid
1771189972098736;1771189972098729;68455.70674453;0.01265051;bid
1771189972530025;1771189972530024;68454.82605705;0.01132123;bid
1771189972530028;1771189972530024;68455.67843262;0.01061777;ask
1771189972530032;1771189972530024;68454.94054719;0.05488938;bid
1771189972530031;1771189972530024;68454.51785842;0.00741172;bid
1771189972530037;1771189972530024;68455.28992046;0.01240953;bid
1771189972530030;1771189972530024;68455.62313717;0.02347750;ask
1771189972530037;1771189972530024;68455.92149324;0.02623444;ask
1771189972530035;1771189972530024;68455.50647630;0.01107004;ask
1771189973409788;1771189973409787;68455.09979411;0.01120383;ask
1771189973409793;1771189973409787;68454.83221256;0.00674173;ask
1771189973409799;1771189973409787;68454.87214389;0.05739202;ask
1771189973409794;1771189973409787;68455.57726958;0.01918415;ask
1771189973409801;1771189973409787;68454.41915691;0.01419362;bid
1771189973409798;1771189973409787;68454.47211388;0.04582465;bid
1771189973409799;1771189973409787;68454.97472091;0.01992988;ask
1771189974262969;1771189974262963;68454.55632593;0.01846441;ask
1771189974262968;1771189974262963;68454.22145731;0.01703394;bid
1771189974691488;1771189974691486;68454.11497328;0.01779735;ask
1771189974691489;1771189974691486;68454.10765010;0.04727291;ask
1771189974691497;1771189974691486;68454.30840336;0.02965692;ask
1771189974691497;1771189974691486;68452.90777011;0.01177559;bid
1771189974691499;1771189974691486;68453.28627923;0.02328736;bid
1771189974691492;1771189974691486;68454.19770229;0.03306135;ask
1771189975226874;1771189975226866;68452.97547241;0.00826538;bid
1771189975226869;1771189975226866;68453.92681200;0.01938854;ask
1771189975226877;1771189975226866;68452.38165206;0.01573383;bid
1771189975226876;1771189975226866;68452.50310428;0.01269743;bid
1771189975226872;1771189975226866;68453.80901709;0.00861044;ask
1771189975226879;1771189975226866;68453.13126754;0.03491267;bid
1771189975226875;1771189975226866;68453.99423678;0.04507619;ask
1771189975226876;1771189975226866;68453.76620889;0.02935319;ask
1771189975706056;1771189975706047;68452.38270198;0.02087434;bid
1771189975706058;1771189975706047;68452.87640284;0.00855681;bid
1771189975706050;1771189975706047;68453.48613250;0.02085326;ask
1771189975706053;1771189975706047;68452.50268416;0.01772854;bid
1771189975706058;1771189975706047;68453.21163775;0.02087970;ask
1771189975706057;1771189975706047;68452.81974208;0.01389025;bid
1771189976780195;1771189976780190;68452.00452064;0.05285209;bid
1771189976780194;1771189976780190;68452.76583848;0.01819657;ask
1771189976780201;1771189976780190;68453.09559154;0.03509199;ask
1771189976780194;1771189976780190;68452.32991916;0.02087839;bid
1771189976780203;1771189976780190;68452.15071851;0.03161721;bid
1771189976780203;1771189976780190;68452.34899179;0.04989753;bid
1771189976780206;1771189976780190;68452.72004849;0.03275286;ask
1771189976780206;1771189976780190;68452.72939222;0.02168093;ask
1771189976780200;1771189976780190;68452.62863720;0.01578323;ask
1771189977781911;1771189977781906;68451.68986172;0.01763656;bid
1771189977781917;1771189977781906;68451.95696545;0.01371943;ask
1771189977781918;1771189977781906;68452.07042429;0.02920730;ask
1771189977781919;1771189977781906;68451.47820217;0.03304041;bid
1771189978129746;1771189978129738;68450.93439858;0.01762117;bid
1771189978129749;1771189978129738;68451.69334166;0.02154505;ask
1771189978129741;1771189978129738;68451.34080476;0.04341466;bid
1771189978129751;1771189978129738;68451.21436770;0.00833023;bid
1771189978129750;1771189978129738;68452.11022885;0.01590053;ask
1771189979151826;1771189979151817;68450.82014701;0.01998878;bid
1771189979151828;1771189979151817;68451.20885157;0.01054409;ask
1771189980622393;1771189980622391;68450.34532382;0.04110750;ask
1771189980622394;1771189980622391;68450.43711314;0.02867495;ask
1771189980622402;1771189980622391;68450.19458536;0.01313458;bid
1771189981255601;1771189981255597;68449.78768501;0.03880096;bid
1771189981255603;1771189981255597;68449.63377503;0.03097181;bid
1771189981255606;1771189981255597;68450.17511592;0.01636830;ask
1771189981255601;1771189981255597;68449.92982764;0.02140940;bid
1771189982503862;1771189982503860;68450.04101281;0.04726485;ask
1771189982503868;1771189982503860;68449.12423178;0.01834809;bid
1771189982503872;1771189982503860;68450.24095762;0.00744449;ask
1771189982503869;1771189982503860;68449.30612649;0.00633492;bid
1771189983050507;1771189983050497;68449.49969766;0.00639433;ask
1771189983050500;1771189983050497;68449.37138843;0.02971024;ask
1771189983050506;1771189983050497;68449.05836241;0.03920063;bid
1771189983368303;1771189983368294;68448.28136722;0.02617443;bid
1771189983368305;1771189983368294;68448.44914026;0.02142594;bid
1771189983368298;1771189983368294;68448.55977268;0.04014022;ask
1771189983368306;1771189983368294;68448.68392186;0.01418919;ask
1771189983368299;1771189983368294;68447.94592998;0.03686709;bid
1771189983368301;1771189983368294;68448.77221441;0.02686622;ask
1771189984626662;1771189984626659;68447.57033184;0.02123942;bid
1771189984626667;1771189984626659;68447.69142853;0.03970950;bid
1771189984626670;1771189984626659;68448.66737051;0.03341499;ask
1771189984626672;1771189984626659;68448.01442631;0.03233715;ask
1771189984626670;1771189984626659;68448.51964221;0.00823882;ask
1771189984626673;1771189984626659;68447.35965250;0.00843915;bid
1771189984626675;1771189984626659;68447.70281390;0.02924094;bid
1771189984626667;1771189984626659;68448.81057015;0.01359394;ask
1771189984626674;1771189984626659;68448.10947313;0.02361103;ask
1771189985382811;1771189985382804;68447.72110698;0.02191183;ask
1771189985382811;1771189985382804;68447.32421317;0.02353224;ask
1771189985382812;1771189985382804;68447.48606534;0.04018688;ask
1771189985382812;1771189985382804;68447.81237028;0.03093276;ask
1771189985382811;1771189985382804;68446.18044980;0.04725583;bid
1771189985382817;1771189985382804;68447.39507836;0.02492979;ask
1771189985382817;1771189985382804;68446.82522784;0.03071497;bid
1771189985382818;1771189985382804;68446.83871771;0.03278526;bid
1771189986154683;1771189986154682;68445.87909098;0.03593723;bid
1771189986154684;1771189986154682;68446.73363112;0.02244577;ask
1771189986154687;1771189986154682;68446.45682334;0.02384500;bid
1771189986154690;1771189986154682;68446.85640488;0.01111269;ask
1771189986154687;1771189986154682;68446.34380657;0.02064212;bid
1771189986154689;1771189986154682;68447.29797200;0.02960153;ask
1771189986154689;1771189986154682;68446.41227860;0.00785824;bid
1771189987167988;1771189987167981;68446.65965402;0.02032324;ask
1771189987167990;1771189987167981;68446.02772995;0.04948107;bid
1771189987167986;1771189987167981;68446.48842232;0.04877631;ask
1771189987167993;1771189987167981;68445.65086556;0.02156314;bid
1771189987167987;1771189987167981;68446.31500805;0.01788338;ask
1771189987167995;1771189987167981;68446.46937855;0.00689424;ask
1771189987167990;1771189987167981;68446.68836166;0.02038449;ask
1771189987167998;1771189987167981;68445.91444733;0.01136107;bid
1771189987167992;1771189987167981;68447.26436296;0.00922124;ask
1771189987168000;1771189987167981;68445.10832509;0.01368011;bid
1771189987167994;1771189987167981;68445.45770214;0.01711161;bid
1771189988645411;1771189988645409;68445.28321770;0.02282503;bid
1771189988645414;1771189988645409;68444.41831389;0.05950713;bid
1771189988645416;1771189988645409;68445.12590261;0.00998574;bid
1771189988645416;1771189988645409;68446.04571667;0.02631272;ask
1771189988645418;1771189988645409;68445.46550518;0.01860606;ask
1771189988645423;1771189988645409;68444.58881576;0.01088014;bid
1771189988645425;1771189988645409;68445.91667153;0.01429791;ask
1771189988645419;1771189988645409;68445.59153905;0.01275325;ask
1771189989189760;1771189989189751;68444.64257772;0.04533602;ask
1771189989189760;1771189989189751;68445.07278785;0.03472411;ask
1771189989189762;1771189989189751;68444.77066915;0.04312731;ask
1771189989189755;1771189989189751;68444.40610707;0.02373723;bid
1771189989189765;1771189989189751;68444.25132437;0.01794457;bid
1771189989189764;1771189989189751;68444.70342635;0.02268781;ask
1771189990516881;1771189990516872;68444.79105016;0.02549639;ask
1771189990516880;1771189990516872;68443.94688992;0.02327304;bid
1771189990516878;1771189990516872;68443.99274994;0.01868296;bid
1771189990516879;1771189990516872;68444.32749064;0.01141368;ask
1771189991399813;1771189991399810;68443.86176604;0.03174219;ask
1771189991399821;1771189991399810;68443.91837561;0.02875856;ask
1771189991399816;1771189991399810;68443.52952173;0.00777105;bid
1771189992517421;1771189992517411;68443.21298081;0.03706662;ask
1771189992517418;1771189992517411;68443.42419312;0.00596572;ask
1771189992517423;1771189992517411;68442.31929795;0.03468050;bid
1771189992517419;1771189992517411;68442.82498779;0.01321102;bid
1771189993948458;1771189993948454;68442.10815588;0.02374028;bid
1771189993948463;1771189993948454;68442.62514047;0.03391434;ask
1771189993948463;1771189993948454;68442.30433524;0.01206695;bid
1771189993948466;1771189993948454;68442.51689298;0.02681350;ask
1771189995369087;1771189995369078;68441.97273140;0.01463889;bid
1771189995369085;1771189995369078;68441.80189937;0.01177525;bid
1771189995369086;1771189995369078;68442.44891008;0.03374072;ask
1771189995369090;1771189995369078;68441.24714075;0.02470132;bid
1771189996009694;1771189996009693;68441.48996079;0.01238796;bid
1771189996009697;1771189996009693;68441.43943005;0.00846142;bid
1771189996009701;1771189996009693;68441.16501754;0.03645768;bid
1771189996009699;1771189996009693;68440.82447736;0.04622386;bid
1771189996009703;1771189996009693;68442.59259467;0.03748174;ask
1771189996009699;1771189996009693;68441.06417351;0.01405647;bid
1771189996009708;1771189996009693;68441.70406091;0.01020051;ask
1771189996733680;1771189996733671;68441.52279933;0.03009109;ask
1771189996733673;1771189996733671;68440.99383552;0.04693432;bid
1771189996733678;1771189996733671;68441.01089237;0.02162359;bid
1771189998086814;1771189998086804;68440.34415892;0.01660089;bid
1771189998086807;1771189998086804;68440.75209331;0.02194210;bid
1771189998086815;1771189998086804;68440.44080708;0.03423172;bid
1771189998086815;1771189998086804;68441.06729649;0.01088916;ask
1771189998086810;1771189998086804;68441.46190819;0.01669945;ask
1771189998086811;1771189998086804;68440.97881069;0.01084587;ask
1771189998086817;1771189998086804;68440.94532606;0.02007999;ask
1771189998675152;1771189998675143;68440.51027062;0.04526597;ask
1771189998675149;1771189998675143;68440.63445110;0.02394049;ask
1771189998675154;1771189998675143;68440.18837761;0.05731305;bid
1771189998675149;1771189998675143;68440.26023035;0.03761796;bid
1771189998675151;1771189998675143;68440.20988916;0.02366083;bid
1771189998675158;1771189998675143;68439.78398458;0.03302981;bid
1771189999979981;1771189999979972;68439.81486542;0.01798842;bid
1771189999979983;1771189999979972;68440.35299673;0.02687334;ask
1771189999979979;1771189999979972;68440.17359125;0.01614141;ask
1771189999979979;1771189999979972;68439.37254157;0.02943341;bid
1771189999979978;1771189999979972;68440.26924399;0.03456225;ask
1771189999979980;1771189999979972;68439.45309653;0.03088464;bid
1771190000907804;1771190000907801;68439.85985252;0.01871370;ask
1771190000907806;1771190000907801;68439.52757827;0.01285079;bid
1771190000907808;1771190000907801;68439.70535233;0.03347688;ask
1771190001506160;1771190001506151;68439.99491087;0.02615826;ask
1771190001506153;1771190001506151;68439.37401305;0.01933779;ask
1771190001506160;1771190001506151;68438.97974651;0.01871517;bid
1771190001506162;1771190001506151;68438.53174911;0.01159783;bid
1771190001506163;1771190001506151;68439.08373865;0.02922656;bid
1771190001506163;1771190001506151;68439.38262039;0.03077811;ask
1771190001506158;1771190001506151;68439.30946078;0.04522717;ask
1771190001506165;1771190001506151;68439.63539266;0.02369567;ask
1771190002738717;1771190002738710;68438.18662187;0.01143476;bid
1771190002738720;1771190002738710;68438.63355301;0.02205234;bid
1771190002738717;1771190002738710;68439.33774100;0.02560557;ask
1771190002738714;1771190002738710;68439.26604385;0.01839271;ask
1771190002738721;1771190002738710;68438.70908545;0.02036558;bid
1771190002738723;1771190002738710;68439.06010256;0.01797365;ask
1771190004107690;1771190004107685;68438.45429483;0.02282299;ask
1771190004107695;1771190004107685;68438.30581475;0.01261713;bid
1771190004107690;1771190004107685;68438.13427480;0.03960786;bid
1771190005491757;1771190005491750;68437.83063047;0.03007132;bid
1771190005491753;1771190005491750;68437.69877791;0.02312883;bid
1771190006927946;1771190006927941;68438.11969535;0.01099427;ask
1771190006927951;1771190006927941;68437.19322385;0.02411740;bid
1771190006927951;1771190006927941;68437.43680897;0.02757918;bid
1771190006927954;1771190006927941;68437.94129702;0.02851593;ask
1771190006927949;1771190006927941;68437.14422972;0.01349794;bid
1771190006927948;1771190006927941;68438.00985690;0.02728827;ask
1771190006927957;1771190006927941;68437.34876263;0.03368169;bid
1771190006927956;1771190006927941;68437.85800110;0.01555720;ask
1771190008265893;1771190008265886;68437.59239005;0.00975954;ask
1771190008265888;1771190008265886;68437.33761926;0.03016630;ask
1771190008265895;1771190008265886;68437.42931334;0.03273673;ask
1771190008265897;1771190008265886;68437.15777725;0.01534925;ask
1771190008265894;1771190008265886;68436.39584048;0.01122465;bid
1771190008265901;1771190008265886;68436.56192352;0.00937970;bid
1771190008699109;1771190008699102;68437.02972566;0.05059524;ask
1771190008699110;1771190008699102;68436.72867153;0.04277486;ask
1771190008699109;1771190008699102;68437.34701790;0.02518586;ask
1771190008699110;1771190008699102;68436.91917308;0.02050186;ask
1771190009069470;1771190009069460;68436.45382084;0.04813714;ask
1771190009069465;1771190009069460;68436.35811318;0.02037652;ask
1771190009069468;1771190009069460;68436.17740817;0.03611264;bid
1771190010028217;1771190010028210;68435.86594596;0.02683590;ask
1771190010028218;1771190010028210;68434.96717692;0.01700188;bid
1771190010028217;1771190010028210;68435.86814976;0.03915097;ask
1771190010028221;1771190010028210;68436.31240397;0.02940573;ask
1771190010028217;1771190010028210;68435.57162781;0.02151851;bid
1771190010028222;1771190010028210;68435.22455302;0.01238060;bid
1771190011492991;1771190011492986;68435.00772983;0.02621350;bid
1771190011492989;1771190011492986;68435.47026131;0.04057716;ask
1771190011492989;1771190011492986;68434.95556695;0.02527669;bid
1771190012243123;1771190012243114;68434.35616018;0.03006716;bid
1771190012243124;1771190012243114;68434.52928252;0.00948447;ask
1771190012243125;1771190012243114;68434.22187999;0.02131964;bid
1771190013506107;1771190013506106;68434.35590276;0.01334889;ask
1771190013506111;1771190013506106;68433.54429107;0.04194003;bid
1771190013506111;1771190013506106;68434.10628733;0.03739993;ask
1771190013506111;1771190013506106;68434.42906544;0.05075518;ask
1771190013506120;1771190013506106;68433.35652745;0.02933908;bid
1771190014674782;1771190014674779;68433.02944961;0.01551950;bid
1771190014674790;1771190014674779;68433.12330562;0.01108683;bid
1771190014674787;1771190014674779;68433.68337075;0.04327374;ask
1771190014674788;1771190014674779;68433.07466694;0.01603437;bid
1771190015262014;1771190015262009;68433.27678534;0.01467056;ask
1771190015262011;1771190015262009;68433.11613947;0.01591935;ask
1771190015262014;1771190015262009;68432.72782302;0.01064652;bid
1771190015262017;1771190015262009;68432.43353752;0.03730386;bid
1771190015749393;1771190015749391;68431.88306877;0.04313226;bid
1771190015749393;1771190015749391;68432.22314320;0.04612354;ask
1771190015749399;1771190015749391;68432.03885049;0.03904658;bid
1771190015749399;1771190015749391;68432.73169642;0.02990429;ask
1771190015749402;1771190015749391;68431.48368301;0.02750206;bid
1771190015749403;1771190015749391;68431.75952044;0.05361361;bid
1771190016744176;1771190016744166;68431.77100762;0.02338617;ask
1771190016744168;1771190016744166;68431.45650167;0.05081173;bid
1771190016744171;1771190016744166;68432.31506444;0.00935906;ask
1771190016744173;1771190016744166;68432.03160260;0.01860113;ask
1771190016744178;1771190016744166;68431.46825869;0.02243375;bid
1771190016744180;1771190016744166;68431.45904111;0.03148677;bid
1771190017197755;1771190017197752;68430.72452669;0.00769919;bid
1771190017197754;1771190017197752;68430.68660791;0.04860215;bid
1771190017197760;1771190017197752;68430.99471450;0.03350531;ask
1771190017614522;1771190017614513;68430.49599521;0.03201499;ask
1771190017614519;1771190017614513;68429.74477784;0.01595624;bid
1771190017614523;1771190017614513;68429.82241025;0.04402310;bid
1771190017614525;1771190017614513;68430.64689651;0.01455581;ask
1771190017614523;1771190017614513;68430.62804943;0.04654774;ask
1771190017614523;1771190017614513;68430.47370184;0.03690956;ask
1771190017614527;1771190017614513;68430.02853315;0.04998691;bid
1771190017614525;1771190017614513;68430.12321448;0.02988205;bid
1771190017614529;1771190017614513;68430.33681628;0.01029064;ask
1771190019091797;1771190019091789;68429.18860628;0.03600264;bid
1771190019091793;1771190019091789;68429.55885922;0.04082115;ask
1771190019091792;1771190019091789;68428.84818405;0.01768517;bid
1771190019091796;1771190019091789;68429.50083878;0.04324328;ask
1771190019091796;1771190019091789;68429.73656225;0.05249655;ask
1771190019091800;1771190019091789;68430.01387712;0.02298412;ask
1771190019091803;1771190019091789;68428.42570858;0.01977716;bid
1771190019091806;1771190019091789;68429.35864574;0.02484896;ask
1771190020544593;1771190020544592;68428.23391580;0.01718559;bid
1771190020544594;1771190020544592;68428.98395152;0.02636116;ask
1771190020544598;1771190020544592;68428.01056654;0.03890522;bid
1771190020544601;1771190020544592;68428.36256485;0.03295077;bid
1771190020544597;1771190020544592;68429.13028675;0.01542713;ask
1771190020544601;1771190020544592;68428.14409368;0.01679923;bid
1771190020544603;1771190020544592;68428.47657492;0.02586270;bid
1771190020544602;1771190020544592;68429.23330033;0.00649860;ask
1771190020544607;1771190020544592;68427.86259645;0.01422724;bid
1771190020944115;1771190020944105;68427.38079436;0.00812696;bid
1771190020944109;1771190020944105;68427.37873057;0.02407653;bid
1771190020944110;1771190020944105;68428.51670685;0.02203969;ask
1771190020944113;1771190020944105;68428.46684987;0.03483445;ask
1771190020944110;1771190020944105;68427.58294568;0.02036032;bid
1771190020944118;1771190020944105;68427.99388306;0.02502197;ask
1771190020944115;1771190020944105;68428.07859688;0.00980781;ask
1771190020944115;1771190020944105;68427.94699976;0.02337434;ask
1771190021617396;1771190021617389;68426.62417249;0.03095651;bid
1771190021617395;1771190021617389;68427.07729931;0.04447926;ask
1771190021617392;1771190021617389;68426.94055832;0.02278317;ask
1771190021617399;1771190021617389;68426.46471970;0.02780183;bid
1771190021617396;1771190021617389;68425.99000668;0.01461255;bid
1771190021617402;1771190021617389;68427.11831823;0.00936004;ask
1771190021617399;1771190021617389;68426.63372915;0.02853574;bid
1771190022882005;1771190022882001;68425.63095514;0.02071906;bid
1771190022882006;1771190022882001;68425.80265328;0.05170462;bid
1771190022882012;1771190022882001;68426.34234429;0.01978736;ask
1771190022882005;1771190022882001;68426.48292471;0.02269684;ask
1771190022882012;1771190022882001;68426.10720185;0.01271557;ask
1771190022882012;1771190022882001;68425.46220598;0.02497569;bid
1771190023974110;1771190023974100;68425.14132572;0.02278444;ask
1771190023974105;1771190023974100;68424.42604749;0.02018465;bid
1771190023974104;1771190023974100;68425.26037827;0.02879345;ask
1771190023974109;1771190023974100;68425.54070288;0.05000036;ask
1771190023974107;1771190023974100;68424.58199005;0.02197301;bid
1771190023974111;1771190023974100;68424.76284395;0.03872280;bid
1771190025196339;1771190025196331;68423.71197799;0.01808333;bid
1771190025196334;1771190025196331;68424.44050812;0.05270956;ask
1771190025196340;1771190025196331;68423.31737938;0.02970815;bid
1771190025196340;1771190025196331;68423.03362373;0.05102158;bid
1771190025196336;1771190025196331;68423.50550807;0.00879326;bid
1771190025196337;1771190025196331;68424.10328258;0.04646318;ask
1771190025196339;1771190025196331;68424.63886333;0.01551092;ask
1771190025196340;1771190025196331;68424.32522040;0.02722556;ask
1771190025812593;1771190025812588;68422.48178102;0.00854998;bid
1771190025812595;1771190025812588;68423.22372488;0.04064092;ask
1771190025812599;1771190025812588;68423.37331019;0.03215792;ask
1771190025812593;1771190025812588;68422.40232374;0.03707921;bid
1771190025812602;1771190025812588;68423.44996590;0.04282840;ask
1771190025812602;1771190025812588;68423.75289883;0.03621738;ask
1771190025812602;1771190025812588;68422.74297373;0.01504883;bid
1771190025812597;1771190025812588;68422.54987643;0.01197486;bid
1771190025812605;1771190025812588;68423.53136741;0.02112032;ask
1771190025812600;1771190025812588;68423.47437375;0.02138576;ask
1771190025812605;1771190025812588;68422.54664030;0.01973451;bid
1771190025812608;1771190025812588;68423.19341520;0.02922035;ask
1771190027287813;1771190027287808;68422.15701703;0.02117627;bid
1771190027287816;1771190027287808;68422.62535363;0.00557326;ask
1771190027287820;1771190027287808;68422.44433987;0.01377123;ask
1771190027287818;1771190027287808;68422.54393431;0.03043591;ask
1771190027287814;1771190027287808;68421.57949982;0.04724094;bid
1771190027287822;1771190027287808;68422.66459704;0.04020701;ask
1771190027287821;1771190027287808;68422.12940679;0.05054189;bid
1771190027947684;1771190027947675;68422.14324683;0.03282418;ask
1771190027947679;1771190027947675;68420.84638220;0.02861661;bid
1771190027947678;1771190027947675;68421.71284358;0.03358914;ask
1771190027947686;1771190027947675;68421.04910795;0.02900220;bid
1771190027947682;1771190027947675;68420.75347899;0.02215128;bid
1771190027947685;1771190027947675;68422.01155575;0.02389185;ask
1771190027947684;1771190027947675;68421.60660351;0.01937193;ask
1771190028723092;1771190028723087;68420.49407512;0.03285543;ask
1771190028723097;1771190028723087;68420.42027662;0.02727761;ask
1771190028723097;1771190028723087;68420.15658179;0.02691867;bid
1771190028723100;1771190028723087;68421.10818198;0.03314572;ask
1771190028723097;1771190028723087;68420.77704911;0.01502851;ask
1771190028723094;1771190028723087;68419.67586908;0.02879112;bid
1771190028723097;1771190028723087;68419.39796590;0.01493381;bid
1771190029759540;1771190029759531;68420.02941344;0.03549748;ask
1771190029759537;1771190029759531;68419.53650111;0.03096925;ask
1771190029759543;1771190029759531;68419.87940106;0.01261202;ask
1771190029759540;1771190029759531;68419.39132725;0.01144044;bid
1771190029759536;1771190029759531;68418.96736400;0.03289796;bid
1771190029759544;1771190029759531;68419.66604947;0.03443668;ask
1771190029759544;1771190029759531;68418.65464105;0.00993665;bid
1771190029759540;1771190029759531;68419.06757788;0.02727246;bid
1771190030095233;1771190030095228;68418.30492941;0.03439234;bid
1771190030095230;1771190030095228;68418.10817502;0.02457871;bid
1771190030095233;1771190030095228;68418.02081045;0.03215182;bid
1771190030095241;1771190030095228;68419.02807128;0.02447655;ask
1771190030095242;1771190030095228;68418.93207753;0.01548218;ask
1771190030095235;1771190030095228;68417.53958104;0.05067824;bid
1771190030095235;1771190030095228;68417.38309711;0.03063960;bid
1771190030095236;1771190030095228;68418.07685159;0.05485739;bid
1771190030095240;1771190030095228;68419.39103152;0.01456164;ask
1771190030577999;1771190030577996;68417.04057687;0.02114157;bid
1771190030578003;1771190030577996;68417.03181037;0.03847303;bid
1771190030578005;1771190030577996;68417.56321389;0.01451248;ask
1771190030578004;1771190030577996;68418.18743646;0.03594382;ask
1771190030578004;1771190030577996;68417.65540649;0.02653244;ask
1771190030578010;1771190030577996;68417.33205062;0.01737928;bid
1771190030578008;1771190030577996;68417.15062769;0.03078368;bid
1771190030578013;1771190030577996;68416.92462152;0.01570470;bid
1771190031099320;1771190031099316;68416.82994602;0.00946959;ask
1771190031099323;1771190031099316;68416.19649764;0.01737613;bid
1771190031099326;1771190031099316;68415.71764343;0.01451423;bid
1771190031099322;1771190031099316;68416.36863551;0.03064006;bid
1771190031099327;1771190031099316;68416.37285185;0.02053249;bid
1771190031099326;1771190031099316;68417.45884578;0.02614285;ask
1771190031099329;1771190031099316;68416.60783967;0.01365914;ask
1771190031099326;1771190031099316;68417.08139513;0.01242974;ask
1771190031473525;1771190031473523;68414.79881329;0.03193861;bid
1771190031473531;1771190031473523;68415.78829625;0.03064266;ask
1771190031473531;1771190031473523;68415.26366426;0.02769620;bid
1771190031473533;1771190031473523;68416.16241960;0.01330381;ask
1771190031473532;1771190031473523;68415.40172373;0.02076837;bid
1771190031473529;1771190031473523;68415.59818018;0.00705561;ask
1771190032206306;1771190032206301;68414.70443628;0.03692540;ask
1771190032206311;1771190032206301;68414.29650525;0.02393375;bid
1771190032206312;1771190032206301;68414.40231771;0.02073948;bid
1771190032206308;1771190032206301;68414.83324308;0.01578671;ask
1771190032779344;1771190032779339;68413.56766000;0.00932472;bid
1771190032779341;1771190032779339;68413.95411835;0.01144370;ask
1771190032779351;1771190032779339;68413.50402686;0.03084189;bid
1771190032779352;1771190032779339;68413.90149349;0.02513116;ask
1771190032779347;1771190032779339;68413.87090485;0.04239946;ask
1771190032779350;1771190032779339;68413.00708379;0.01838229;bid
1771190032779351;1771190032779339;68414.58849693;0.03608638;ask
1771190032779352;1771190032779339;68414.41596799;0.03235902;ask
1771190032779353;1771190032779339;68414.15715844;0.01673493;ask
1771190032779349;1771190032779339;68413.14536663;0.04917825;bid
1771190032779356;1771190032779339;68413.10352564;0.02295803;bid
1771190033104691;1771190033104685;68413.06392769;0.02778590;ask
1771190033104695;1771190033104685;68412.59144275;0.02749903;bid
1771190033104688;1771190033104685;68412.37859601;0.03486949;bid
1771190033104690;1771190033104685;68412.88764618;0.01747553;ask
1771190033442854;1771190033442845;68412.01850297;0.03154332;ask
1771190033442847;1771190033442845;68412.16756470;0.04177358;ask
1771190033442849;1771190033442845;68412.20233039;0.00995847;ask
1771190033442849;1771190033442845;68411.30706274;0.03272966;bid
1771190033442851;1771190033442845;68412.18541905;0.01166299;ask
1771190033442852;1771190033442845;68412.16291201;0.01462144;ask
1771190033442855;1771190033442845;68411.45433225;0.04867493;bid
1771190033442856;1771190033442845;68411.65843554;0.01018434;bid
1771190033442856;1771190033442845;68411.41055261;0.01386573;bid
1771190033442857;1771190033442845;68410.94178643;0.01398152;bid
1771190033442862;1771190033442845;68411.25993095;0.04126872;bid
1771190034462315;1771190034462309;68410.52071505;0.03672930;bid
1771190034462315;1771190034462309;68409.92734426;0.04248209;bid
1771190034462314;1771190034462309;68411.55447001;0.03497932;ask
1771190034462322;1771190034462309;68410.71302017;0.04907115;bid
1771190034462323;1771190034462309;68410.97438855;0.02996659;ask
1771190034462317;1771190034462309;68410.59861632;0.02988840;bid
1771190034462323;1771190034462309;68410.04165653;0.02677328;bid
1771190035778062;1771190035778056;68409.81988273;0.02871496;bid
1771190035778059;1771190035778056;68410.28446171;0.01787962;ask
1771190035778062;1771190035778056;68409.29690144;0.03198038;bid
1771190035778069;1771190035778056;68408.96554667;0.02806494;bid
1771190035778065;1771190035778056;68410.70031615;0.00742809;ask
1771190035778062;1771190035778056;68409.28273974;0.02851072;bid
1771190035778069;1771190035778056;68409.45211917;0.01686400;bid
1771190035778072;1771190035778056;68410.06835157;0.02480075;ask
1771190036825151;1771190036825144;68409.40668435;0.04186858;ask
1771190036825148;1771190036825144;68408.61131150;0.04132226;bid
1771190036825150;1771190036825144;68408.48665160;0.01809804;bid
1771190036825149;1771190036825144;68409.25775889;0.04554569;ask
1771190036825158;1771190036825144;68409.02177975;0.01288881;bid
1771190036825153;1771190036825144;68409.55010779;0.02364728;ask
1771190036825156;1771190036825144;68408.90419728;0.03710429;bid
1771190037463857;1771190037463856;68408.45298377;0.02529255;ask
1771190037463867;1771190037463856;68408.48501585;0.02740424;ask
1771190037463863;1771190037463856;68407.78616450;0.02871882;bid
1771190037463866;1771190037463856;68408.56613962;0.03284138;ask
1771190037463861;1771190037463856;68408.03105070;0.01415313;bid
1771190038514782;1771190038514777;68407.19473118;0.04255232;bid
1771190038514782;1771190038514777;68407.87712058;0.01146937;ask
1771190038514789;1771190038514777;68407.02051275;0.02053989;bid
1771190038514789;1771190038514777;68408.35970116;0.03480248;ask
1771190038514791;1771190038514777;68406.73364869;0.01102136;bid
1771190038514785;1771190038514777;68407.39677208;0.01720886;bid
1771190038514786;1771190038514777;68408.46995792;0.02831906;ask
1771190038514787;1771190038514777;68407.82638737;0.01832087;ask
1771190038514791;1771190038514777;68407.32213538;0.04438406;bid
1771190038514791;1771190038514777;68407.85459701;0.01221066;ask
1771190039597324;1771190039597320;68406.57823889;0.02265020;bid
1771190039597324;1771190039597320;68407.31817878;0.02423363;ask
1771190039597326;1771190039597320;68406.26228510;0.02401601;bid
1771190039597328;1771190039597320;68407.61793955;0.00965093;ask
1771190039597331;1771190039597320;68406.74549345;0.00883951;bid
1771190039597333;1771190039597320;68407.68488292;0.03320564;ask
1771190039597328;1771190039597320;68406.38911777;0.01703928;bid
1771190039597333;1771190039597320;68407.53611521;0.00884581;ask
1771190039597330;1771190039597320;68406.23222992;0.03368284;bid
1771190039939716;1771190039939715;68405.64048961;0.01926698;bid
1771190039939720;1771190039939715;68406.48239401;0.03186768;ask
1771190039939718;1771190039939715;68404.89320173;0.04536395;bid
1771190039939721;1771190039939715;68406.41148546;0.03664965;ask
1771190039939721;1771190039939715;68405.52614312;0.03222826;bid
1771190039939721;1771190039939715;68406.83508936;0.01602158;ask
1771190039939722;1771190039939715;68406.32780177;0.01072261;ask
1771190041087885;1771190041087879;68405.09134115;0.03242649;bid
1771190041087883;1771190041087879;68404.88484809;0.02818671;bid
1771190041087884;1771190041087879;68406.03610241;0.02824723;ask
1771190041087887;1771190041087879;68404.83041842;0.04354342;bid
1771190041087884;1771190041087879;68404.90442834;0.02964365;bid
1771190041087892;1771190041087879;68405.42341581;0.02206519;ask
1771190041467912;1771190041467909;68403.68167475;0.04366964;bid
1771190041467916;1771190041467909;68403.92363943;0.01203385;bid
1771190041467912;1771190041467909;68404.70524915;0.01958104;ask
1771190041467919;1771190041467909;68405.11367625;0.04065575;ask
1771190041467919;1771190041467909;68404.54908717;0.04838039;ask
1771190041467921;1771190041467909;68403.93512311;0.02747855;bid
1771190041467917;1771190041467909;68404.25084592;0.02129987;bid
1771190041467917;1771190041467909;68403.87662848;0.01042151;bid
1771190041467927;1771190041467909;68404.26593047;0.03796752;bid
1771190041467924;1771190041467909;68404.80851099;0.02021980;ask
1771190042323460;1771190042323459;68403.27022937;0.03222675;bid
1771190042323466;1771190042323459;68403.30463079;0.03058229;bid
1771190042323462;1771190042323459;68403.34544578;0.02933882;bid
1771190042323467;1771190042323459;68403.89794409;0.02263860;ask
1771190042323466;1771190042323459;68403.64495286;0.03141239;ask
1771190043305379;1771190043305373;68402.52589939;0.01100251;bid
1771190043305379;1771190043305373;68402.60478672;0.01382532;bid
1771190043305383;1771190043305373;68403.08973427;0.04942779;ask
1771190044582083;1771190044582075;68402.40115274;0.01942563;ask
1771190044582079;1771190044582075;68401.74945628;0.03418096;bid
1771190044582084;1771190044582075;68402.25243857;0.03080998;ask
1771190044582087;1771190044582075;68401.46680918;0.02804482;bid
1771190044582085;1771190044582075;68401.53799641;0.01715774;bid
1771190044582084;1771190044582075;68401.74208794;0.01607014;bid
1771190044582087;1771190044582075;68401.95105424;0.01749252;bid
1771190044582090;1771190044582075;68402.22545414;0.01387991;ask
1771190044943885;1771190044943880;68400.86535501;0.00871704;bid
1771190044943889;1771190044943880;68401.51676497;0.03594041;ask
1771190044943883;1771190044943880;68400.93564597;0.01179234;bid
1771190044943885;1771190044943880;68401.77199456;0.02282474;ask
1771190044943886;1771190044943880;68401.34533724;0.01153473;ask
1771190044943890;1771190044943880;68400.99863504;0.01918574;bid
1771190046258256;1771190046258252;68400.41409689;0.01928905;bid
1771190046258260;1771190046258252;68400.76475197;0.04393577;ask
1771190046258263;1771190046258252;68400.97134075;0.01863178;ask
1771190047572833;1771190047572832;68400.43773076;0.02073584;ask
1771190047572843;1771190047572832;68399.54340719;0.05585476;bid
1771190047572839;1771190047572832;68399.79126921;0.03763831;bid
1771190047572842;1771190047572832;68400.36364843;0.02076220;ask
1771190047572845;1771190047572832;68399.65741662;0.03254091;bid
1771190047572845;1771190047572832;68400.39927011;0.02006571;ask
1771190047572842;1771190047572832;68400.21082630;0.00726676;ask
1771190048432796;1771190048432791;68399.86538586;0.01433704;ask
1771190048432800;1771190048432791;68399.25214277;0.02733714;bid
1771190048432803;1771190048432791;68399.17312079;0.05563536;bid
1771190048432799;1771190048432791;68399.49883373;0.02744653;bid
1771190049114010;1771190049114003;68399.01848646;0.02826524;ask
1771190049114007;1771190049114003;68398.53919609;0.02942740;bid
1771190049114008;1771190049114003;68398.34487173;0.05605213;bid
1771190049114010;1771190049114003;68398.53311417;0.03122709;bid
1771190049114014;1771190049114003;68399.27930690;0.01466549;ask
1771190049114009;1771190049114003;68398.79933030;0.01923830;bid
1771190049114016;1771190049114003;68399.23013842;0.01624342;ask
1771190049531117;1771190049531116;68398.33726729;0.03234341;ask
1771190049531126;1771190049531116;68398.07568956;0.01299664;bid
1771190049531127;1771190049531116;68397.79815719;0.01537976;bid
1771190049531128;1771190049531116;68397.82961423;0.04287132;bid
1771190049531124;1771190049531116;68398.66435470;0.02710085;ask
1771190049531131;1771190049531116;68397.92238929;0.01155392;bid
1771190049851326;1771190049851320;68397.19262736;0.01735882;bid
1771190049851328;1771190049851320;68397.94368155;0.04430706;ask
1771190049851326;1771190049851320;68397.79021804;0.03899889;ask
1771190049851330;1771190049851320;68398.35210905;0.04093437;ask
1771190050758354;1771190050758346;68397.17617740;0.01243470;ask
1771190050758355;1771190050758346;68396.83677915;0.03886027;bid
1771190050758349;1771190050758346;68396.59521353;0.02359767;bid
1771190051730455;1771190051730453;68396.61154780;0.01774329;ask
1771190051730463;1771190051730453;68396.22779910;0.03781046;bid
1771190051730456;1771190051730453;68396.01375505;0.03979536;bid
1771190052319764;1771190052319756;68395.37510506;0.02990649;bid
1771190052319758;1771190052319756;68395.40677039;0.02289633;bid
1771190052319763;1771190052319756;68396.01500479;0.01699111;ask
1771190052319768;1771190052319756;68395.55924123;0.04794214;bid
1771190052319763;1771190052319756;68395.94554422;0.01309344;ask
1771190053174470;1771190053174466;68395.31177103;0.01027843;ask
1771190053174475;1771190053174466;68394.55101730;0.01828301;bid
1771190053174477;1771190053174466;68394.75839053;0.00549562;bid
1771190054638111;1771190054638104;68395.26025091;0.02932323;ask
1771190054638108;1771190054638104;68394.61988229;0.03234505;ask
1771190054638109;1771190054638104;68394.66412251;0.01987412;ask
1771190054638115;1771190054638104;68394.09469355;0.01445748;bid
1771190054638116;1771190054638104;68394.25807410;0.01247020;bid
1771190056018054;1771190056018052;68394.04636985;0.02397497;ask
1771190056759927;1771190056759923;68392.52568717;0.02684494;bid
1771190056759932;1771190056759923;68392.80978832;0.03334674;bid
1771190056759933;1771190056759923;68392.89806594;0.04797737;bid
1771190056759935;1771190056759923;68393.66700667;0.05127378;ask
1771190056759934;1771190056759923;68394.14395369;0.02213479;ask
1771190057300215;1771190057300208;68393.64200194;0.00582923;ask
1771190057300219;1771190057300208;68392.83327281;0.01242395;ask
1771190057300219;1771190057300208;68392.38646380;0.03321567;bid
1771190057300216;1771190057300208;68393.27402741;0.04922726;ask
1771190057300221;1771190057300208;68392.14942564;0.02119634;bid
1771190057300219;1771190057300208;68391.67156657;0.02383964;bid
1771190057300216;1771190057300208;68392.86191823;0.01376501;ask
1771190057300220;1771190057300208;68392.11609574;0.02649260;bid
1771190057300221;1771190057300208;68393.31498740;0.01070270;ask
1771190057300223;1771190057300208;68392.19552537;0.04212325;bid
1771190057300219;1771190057300208;68392.94114163;0.01866592;ask
1771190057300222;1771190057300208;68392.35365078;0.05223087;bid
1771190058190058;1771190058190056;68392.34001756;0.05752202;ask
1771190058190063;1771190058190056;68391.67305845;0.01063118;bid
1771190058190068;1771190058190056;68392.08490795;0.00648640;ask
1771190058190068;1771190058190056;68391.83142798;0.05078278;ask
1771190058190069;1771190058190056;68393.01057146;0.03764234;ask
1771190058190066;1771190058190056;68391.44775713;0.01895051;bid
1771190058190063;1771190058190056;68392.77476517;0.02198821;ask
1771190058190066;1771190058190056;68391.25838155;0.02901668;bid
1771190058190070;1771190058190056;68391.27030728;0.04404811;bid
1771190058190073;1771190058190056;68391.53449038;0.03100694;bid
1771190058725467;1771190058725459;68391.38913285;0.02711128;ask
1771190058725461;1771190058725459;68390.95377180;0.01147798;bid
1771190058725462;1771190058725459;68390.82351600;0.00569612;bid
1771190059832458;1771190059832450;68390.98384234;0.05008034;ask
1771190059832453;1771190059832450;68390.10495589;0.02368361;bid
1771190059832453;1771190059832450;68390.13562509;0.05656572;bid
1771190059832455;1771190059832450;68390.03184764;0.01280046;bid
1771190059832461;1771190059832450;68390.67469245;0.03358062;ask
1771190059832465;1771190059832450;68390.63370151;0.01899796;ask
1771190059832459;1771190059832450;68389.64687977;0.05294887;bid
1771190060326007;1771190060326002;68389.79996850;0.01511639;ask
1771190060326010;1771190060326002;68389.91436257;0.03969985;ask
1771190060326007;1771190060326002;68388.65054467;0.02890739;bid
1771190060326012;1771190060326002;68388.51032100;0.01808995;bid
1771190060326008;1771190060326002;68389.14487462;0.04255619;bid
1771190060326014;1771190060326002;68389.52057313;0.01449478;ask
1771190060326017;1771190060326002;68389.09904921;0.01888481;bid
1771190060326013;1771190060326002;68389.35625878;0.01834583;ask
1771190061558872;1771190061558866;68388.03927596;0.01714091;bid
1771190061558868;1771190061558866;68388.31021187;0.01342342;bid
1771190061558871;1771190061558866;68388.55513280;0.00590687;ask
1771190061558879;1771190061558866;68388.50907023;0.03171887;ask
1771190061973424;1771190061973417;68387.44834041;0.02078476;bid
1771190061973424;1771190061973417;68387.56348209;0.01857715;bid
1771190061973429;1771190061973417;68387.73609687;0.00817219;bid
1771190061973425;1771190061973417;68388.16112165;0.01237770;ask
1771190062867964;1771190062867958;68386.85453810;0.05201612;bid
1771190062867962;1771190062867958;68386.87038600;0.03297077;bid
1771190062867969;1771190062867958;68387.30912664;0.01023909;ask
1771190062867964;1771190062867958;68387.12761894;0.01602866;ask
1771190063973085;1771190063973075;68385.30522298;0.03460063;bid
1771190063973082;1771190063973075;68385.94330662;0.01370029;bid
1771190063973080;1771190063973075;68385.85712118;0.01365875;bid
1771190063973085;1771190063973075;68386.60973041;0.02040376;ask
1771190064472810;1771190064472803;68385.05782082;0.03741365;bid
1771190064472813;1771190064472803;68384.36879104;0.03354460;bid
1771190064472814;1771190064472803;68385.22872213;0.01973844;bid
1771190064472814;1771190064472803;68385.08708211;0.03712474;bid
1771190064472808;1771190064472803;68384.88194994;0.01246767;bid
1771190065919868;1771190065919866;68384.19947060;0.01708195;bid
1771190065919877;1771190065919866;68384.45262228;0.02273475;bid
1771190065919873;1771190065919866;68384.25084595;0.03332924;bid
1771190065919875;1771190065919866;68385.07953727;0.04033590;ask
1771190065919873;1771190065919866;68384.70778337;0.02903038;ask
1771190065919872;1771190065919866;68384.74752523;0.03068653;ask
1771190065919873;1771190065919866;68384.94142422;0.02598775;ask
1771190066678246;1771190066678243;68384.03429404;0.02883528;ask
1771190066678253;1771190066678243;68384.07259505;0.04880560;ask
1771190067819771;1771190067819766;68382.66189954;0.02720374;bid
1771190067819772;1771190067819766;68382.91130417;0.00870436;bid
1771190069024264;1771190069024258;68381.67620287;0.04526133;bid
1771190069024267;1771190069024258;68382.49914155;0.03303435;ask
1771190069024261;1771190069024258;68381.76884985;0.02664962;bid
1771190069024262;1771190069024258;68382.50090368;0.01920514;ask
1771190069024266;1771190069024258;68382.79312468;0.01730771;ask
1771190069024265;1771190069024258;68382.19863656;0.00984577;bid
1771190069024272;1771190069024258;68382.93571588;0.01692263;ask
1771190069024267;1771190069024258;68381.32246206;0.02073024;bid
1771190070022275;1771190070022268;68381.03597891;0.03280932;bid
1771190070022272;1771190070022268;68381.74309289;0.02229596;ask
1771190070022278;1771190070022268;68381.78999822;0.03569116;ask
1771190070022275;1771190070022268;68381.24248830;0.02522447;bid
1771190070022280;1771190070022268;68381.31430233;0.01821352;bid
1771190070022283;1771190070022268;68381.60313938;0.01422167;ask
1771190071456268;1771190071456261;68381.36313643;0.04367219;ask
1771190071456270;1771190071456261;68380.51053830;0.05076628;ask
1771190071456273;1771190071456261;68379.98016587;0.01315971;bid
1771190071456266;1771190071456261;68381.28052880;0.04011856;ask
1771190071456267;1771190071456261;68379.90968036;0.01838701;bid
1771190071456275;1771190071456261;68380.00869828;0.02359295;bid
1771190071456273;1771190071456261;68380.15388440;0.00708979;bid
1771190071456272;1771190071456261;68380.40038652;0.03074958;ask
1771190071456272;1771190071456261;68381.00828599;0.04375718;ask
1771190071456272;1771190071456261;68379.24145568;0.02838454;bid
1771190071456277;1771190071456261;68379.90018105;0.00779791;bid
1771190072815404;1771190072815403;68379.41532642;0.02230330;ask
1771190072815412;1771190072815403;68379.55001177;0.02516145;ask
1771190072815415;1771190072815403;68379.19731282;0.01518524;bid
1771190073169344;1771190073169336;68378.69719774;0.03856309;ask
1771190073169344;1771190073169336;68378.37060552;0.02826687;bid
1771190073169339;1771190073169336;68378.40832164;0.00525830;bid
1771190073987854;1771190073987852;68377.40095352;0.02165403;bid
1771190073987862;1771190073987852;68377.26977870;0.00773587;bid
1771190073987858;1771190073987852;68377.51049098;0.01611011;bid
1771190073987860;1771190073987852;68377.96905850;0.03860101;ask
1771190073987863;1771190073987852;68377.77582390;0.03528975;ask
1771190074791826;1771190074791817;68376.67739443;0.03541182;ask
1771190074791819;1771190074791817;68376.24132022;0.02201670;bid
1771190074791821;1771190074791817;68376.33649508;0.01491246;bid
1771190074791830;1771190074791817;68376.03880171;0.03752293;bid
1771190074791825;1771190074791817;68376.48964757;0.01034999;ask
1771190076023436;1771190076023435;68375.18806411;0.03683336;bid
1771190076023446;1771190076023435;68374.89942049;0.04243433;bid
1771190076023446;1771190076023435;68375.50972971;0.01387347;bid
1771190076023445;1771190076023435;68375.77260195;0.03236449;ask
1771190076023444;1771190076023435;68375.56899712;0.00737887;bid
1771190076023444;1771190076023435;68376.31036347;0.03112311;ask
1771190076442962;1771190076442953;68374.80739128;0.04869831;bid
1771190076442964;1771190076442953;68374.71281711;0.02409872;bid
1771190076442959;1771190076442953;68374.78671043;0.03128114;bid
1771190076442957;1771190076442953;68375.67757835;0.02944199;ask
1771190076442964;1771190076442953;68375.19039873;0.01444746;ask
1771190076442961;1771190076442953;68375.82436764;0.02124173;ask
1771190076442960;1771190076442953;68374.82440307;0.00962379;bid
1771190077808937;1771190077808931;68374.27590461;0.02560018;ask
1771190077808933;1771190077808931;68373.88849103;0.01463372;ask
1771190077808936;1771190077808931;68374.45742917;0.04117967;ask
1771190077808944;1771190077808931;68374.13270319;0.01606663;ask
1771190077808936;1771190077808931;68373.98908586;0.00892311;ask
1771190077808938;1771190077808931;68372.79581367;0.03687877;bid
1771190077808939;1771190077808931;68374.74045757;0.04471718;ask
1771190077808947;1771190077808931;68373.02103092;0.04318075;bid
1771190077808942;1771190077808931;68373.25510916;0.03863709;bid
1771190077808944;1771190077808931;68373.46049185;0.01696353;bid
1771190077808948;1771190077808931;68372.84124520;0.02478448;bid
1771190077808944;1771190077808931;68374.30615813;0.02061690;ask
1771190078313173;1771190078313163;68372.52031387;0.03443976;bid
1771190078313167;1771190078313163;68373.08884943;0.00709044;ask
1771190078313175;1771190078313163;68373.01859220;0.01465361;ask
1771190078313176;1771190078313163;68372.26338563;0.00861546;bid
1771190078313174;1771190078313163;68373.13030367;0.03423399;ask
1771190078313171;1771190078313163;68372.75029322;0.03976794;bid
1771190079672767;1771190079672762;68372.57019564;0.03004698;ask
1771190079672767;1771190079672762;68371.89342422;0.04816218;bid
1771190079672765;1771190079672762;68371.78119960;0.02302062;bid
1771190079672774;1771190079672762;68372.51058256;0.04548570;ask
1771190079672774;1771190079672762;68371.62323595;0.04311475;bid
1771190079672776;1771190079672762;68373.01408003;0.02417465;ask
1771190079672771;1771190079672762;68372.11256447;0.04984594;ask
1771190079672773;1771190079672762;68372.35011933;0.03377432;ask
1771190080453028;1771190080453025;68371.43388136;0.02136362;ask
1771190080453030;1771190080453025;68370.98077533;0.03947333;bid
1771190080453037;1771190080453025;68371.42333681;0.03419652;ask
1771190080453038;1771190080453025;68372.01538051;0.01095770;ask
1771190080453034;1771190080453025;68371.03675337;0.03425470;bid
1771190080453031;1771190080453025;68370.98028596;0.03007704;bid
1771190080453041;1771190080453025;68371.41012712;0.01508332;ask
1771190081620710;1771190081620706;68370.27305739;0.03218074;ask
1771190081620709;1771190081620706;68370.29332605;0.00995176;ask
1771190081620712;1771190081620706;68370.40822196;0.01655748;ask
1771190081620715;1771190081620706;68369.69615505;0.02954688;bid
1771190082130451;1771190082130448;68369.33449748;0.03184181;bid
1771190082130456;1771190082130448;68368.72951411;0.02987189;bid
1771190082130459;1771190082130448;68369.78686615;0.01446919;ask
1771190082130456;1771190082130448;68369.50506604;0.03249558;ask
1771190082130462;1771190082130448;68369.04797267;0.02887356;bid
1771190082130463;1771190082130448;68370.19908313;0.00701634;ask
1771190082130460;1771190082130448;68369.78724647;0.00818018;ask
1771190082130461;1771190082130448;68369.31736208;0.04161429;bid
1771190082130462;1771190082130448;68368.94598485;0.03685041;bid
1771190083018520;1771190083018517;68368.59433439;0.03235236;ask
1771190083018528;1771190083018517;68368.41337640;0.02107241;bid
1771190083018521;1771190083018517;68368.65302000;0.02048826;ask
1771190083849471;1771190083849468;68368.27544630;0.00709824;ask
1771190083849473;1771190083849468;68367.20831213;0.03583184;bid
1771190083849472;1771190083849468;68367.64463160;0.01313413;ask
1771190083849476;1771190083849468;68366.89724709;0.02186173;bid
1771190083849476;1771190083849468;68367.58822216;0.02355950;ask
1771190083849480;1771190083849468;68366.84610381;0.01103215;bid
1771190083849483;1771190083849468;68367.95537601;0.01680949;ask
1771190083849480;1771190083849468;68366.56233954;0.03948728;bid
1771190083849481;1771190083849468;68368.58417871;0.03942900;ask
1771190083849478;1771190083849468;68367.05644843;0.01404809;bid
1771190084913910;1771190084913905;68367.10753826;0.02853187;ask
1771190084913912;1771190084913905;68365.79062612;0.01710000;bid
1771190084913914;1771190084913905;68366.58804522;0.04308631;ask
1771190084913917;1771190084913905;68366.29528330;0.02309059;bid
1771190084913918;1771190084913905;68366.66150022;0.00943124;ask
1771190084913919;1771190084913905;68366.91200053;0.04551570;ask
1771190085711742;1771190085711734;68365.34712941;0.05386456;bid
1771190085711744;1771190085711734;68365.52487878;0.00829846;bid
1771190085711741;1771190085711734;68366.03327509;0.00571475;ask
1771190086094169;1771190086094167;68364.90577373;0.03041031;ask
1771190086094176;1771190086094167;68363.99005004;0.03163989;bid
1771190086094178;1771190086094167;68363.99604426;0.01812231;bid
1771190086094179;1771190086094167;68363.92521616;0.05463035;bid
1771190086094175;1771190086094167;68364.07165500;0.03942017;bid
1771190086094176;1771190086094167;68364.66458944;0.02291426;bid
1771190086094177;1771190086094167;68366.16512853;0.01064928;ask
1771190086094177;1771190086094167;68365.53679309;0.02954597;ask
1771190086094178;1771190086094167;68364.40450027;0.03782028;bid
1771190086094184;1771190086094167;68365.18927806;0.01468356;ask
1771190086094184;1771190086094167;68365.54459886;0.05087655;ask
1771190086094184;1771190086094167;68364.43615277;0.01225030;bid
1771190087385371;1771190087385367;68363.14348015;0.02386653;bid
1771190087385373;1771190087385367;68363.52757050;0.01199603;bid
1771190087385379;1771190087385367;68364.46709559;0.01454672;ask
1771190087385375;1771190087385367;68363.87305163;0.00919574;ask
1771190087385378;1771190087385367;68363.65186836;0.04798673;bid
1771190087982092;1771190087982087;68362.65737608;0.02321157;bid
1771190087982090;1771190087982087;68362.59982117;0.03208639;bid
1771190087982098;1771190087982087;68363.15549882;0.00725497;ask
1771190087982095;1771190087982087;68363.23442199;0.02495775;ask
1771190087982092;1771190087982087;68362.63057275;0.02004423;bid
1771190087982096;1771190087982087;68362.75754466;0.02207973;bid
1771190089213007;1771190089213000;68362.82139079;0.02316503;ask
1771190089213005;1771190089213000;68361.88010361;0.00835640;bid
1771190089213003;1771190089213000;68361.83392569;0.01186204;bid
1771190089213012;1771190089213000;68362.84066780;0.02237507;ask
1771190089213013;1771190089213000;68361.76561208;0.00757198;bid
1771190089213012;1771190089213000;68362.35496961;0.01600267;ask
1771190089213012;1771190089213000;68362.16287993;0.02435597;ask
1771190090550388;1771190090550382;68360.84849394;0.01691926;bid
1771190090550386;1771190090550382;68360.56612627;0.03152186;bid
1771190090550394;1771190090550382;68361.43373106;0.04234660;ask
1771190090550391;1771190090550382;68361.49982275;0.01838083;ask
1771190090550389;1771190090550382;68361.14960427;0.03168395;ask
1771190090550390;1771190090550382;68360.85513526;0.00819201;bid
1771190091846516;1771190091846510;68360.82714256;0.01126722;ask
1771190091846515;1771190091846510;68359.68593238;0.04834797;bid
1771190091846519;1771190091846510;68359.84967457;0.01395605;bid
1771190091846518;1771190091846510;68360.19587883;0.03244791;bid
1771190091846516;1771190091846510;68360.49598416;0.00922830;ask
1771190091846522;1771190091846510;68360.64089069;0.01872535;ask
1771190092931452;1771190092931450;68359.62337004;0.01875465;ask
1771190092931457;1771190092931450;68359.26694430;0.03568303;bid
1771190092931456;1771190092931450;68359.24436187;0.04887133;bid
1771190092931458;1771190092931450;68359.12439697;0.02099493;bid
1771190092931459;1771190092931450;68358.98799342;0.00814991;bid
1771190092931458;1771190092931450;68359.46614438;0.02633789;ask
1771190092931458;1771190092931450;68359.67859630;0.04400208;ask
1771190092931458;1771190092931450;68359.98101430;0.03280395;ask
1771190092931460;1771190092931450;68358.38365064;0.02336862;bid
1771190093322179;1771190093322176;68359.69877771;0.02267883;ask
1771190093322178;1771190093322176;68358.92917807;0.03000258;ask
1771190093322187;1771190093322176;68358.54226051;0.02078237;bid
1771190093322185;1771190093322176;68358.66444375;0.02933402;bid
1771190093322189;1771190093322176;68357.94178962;0.04399973;bid
1771190093322188;1771190093322176;68359.82437395;0.02519206;ask
1771190093322187;1771190093322176;68359.23386126;0.03209158;ask
1771190093322184;1771190093322176;68357.81731983;0.03116496;bid
1771190093322189;1771190093322176;68358.94238397;0.02791996;ask
1771190093950030;1771190093950026;68358.08648076;0.03890098;ask
1771190093950029;1771190093950026;68358.05346526;0.00810639;ask
1771190093950031;1771190093950026;68357.57329599;0.02277067;bid
1771190093950038;1771190093950026;68357.70065740;0.02159045;bid
1771190093950034;1771190093950026;68358.09832783;0.00993116;ask
1771190094723921;1771190094723915;68357.52464268;0.01400806;ask
1771190094723922;1771190094723915;68357.00811013;0.03178818;bid
1771190094723920;1771190094723915;68356.98467334;0.02568817;bid
1771190094723928;1771190094723915;68356.55933501;0.04029231;bid
1771190094723925;1771190094723915;68356.78424353;0.04296350;bid
1771190094723926;1771190094723915;68356.64184554;0.03512288;bid
1771190094723924;1771190094723915;68357.34705999;0.03685044;ask
1771190094723928;1771190094723915;68357.33004141;0.04458743;ask
1771190095255484;1771190095255478;68355.86506671;0.02249808;bid
1771190095255481;1771190095255478;68356.45776556;0.01275241;ask
1771190095255483;1771190095255478;68356.07225927;0.04135007;bid
1771190095255490;1771190095255478;68355.44054487;0.02655097;bid
1771190095255485;1771190095255478;68356.18085673;0.04010066;bid
1771190095255489;1771190095255478;68355.64299524;0.03163074;bid
1771190095626870;1771190095626865;68354.89331956;0.02535359;bid
1771190095626870;1771190095626865;68356.60910799;0.02091360;ask
1771190095626875;1771190095626865;68356.65833445;0.01772993;ask
1771190095626873;1771190095626865;68354.63418948;0.00693483;bid
1771190095626874;1771190095626865;68355.92555465;0.01665975;ask
1771190095626875;1771190095626865;68355.35756441;0.00826059;bid
1771190095626878;1771190095626865;68355.45834479;0.00990050;bid
1771190095626877;1771190095626865;68356.01183335;0.02676334;ask
1771190095626883;1771190095626865;68355.74465059;0.04627916;ask
1771190095981980;1771190095981971;68354.50737426;0.03562970;bid
1771190095981976;1771190095981971;68354.94728653;0.04644942;bid
1771190095981976;1771190095981971;68355.37054844;0.04956547;ask
1771190095981982;1771190095981971;68353.97050629;0.03594752;bid
1771190095981984;1771190095981971;68355.47871762;0.03126513;ask
1771190095981983;1771190095981971;68354.63513115;0.02678240;bid
1771190095981979;1771190095981971;68355.12270822;0.01407105;ask
1771190095981980;1771190095981971;68355.39193712;0.01824648;ask
1771190095981980;1771190095981971;68354.49975931;0.01871436;bid
1771190096634558;1771190096634554;68354.06330766;0.03577635;bid
1771190096634561;1771190096634554;68354.61286254;0.02583372;ask
1771190096634558;1771190096634554;68354.81589848;0.04962170;ask
1771190097878569;1771190097878559;68353.73269892;0.02372839;ask
1771190097878570;1771190097878559;68352.84880837;0.01725217;bid
1771190097878567;1771190097878559;68353.25018788;0.01278302;bid
1771190097878565;1771190097878559;68353.20595193;0.02588313;bid
1771190097878569;1771190097878559;68354.42609514;0.05214338;ask
1771190097878566;1771190097878559;68353.49065296;0.05256902;ask
1771190097878570;1771190097878559;68353.73105578;0.05086535;ask
1771190097878569;1771190097878559;68353.71145494;0.01285542;ask
1771190099223528;1771190099223526;68352.93772288;0.03970332;ask
1771190099223531;1771190099223526;68353.62843750;0.02152323;ask
1771190099223529;1771190099223526;68353.22739070;0.01398117;ask
1771190099223537;1771190099223526;68351.99263552;0.01390895;bid
1771190099223535;1771190099223526;68352.84612316;0.02389459;ask
1771190099223536;1771190099223526;68352.34519061;0.03314449;bid
1771190099223541;1771190099223526;68352.51259805;0.04263045;bid
1771190099223538;1771190099223526;68352.01796043;0.01200854;bid
